;; -*- mode: org; mode: beancount; -*-
;; Birth: 1980-05-12
;; Dates: 2020-01-01 - 2022-10-14
;; THIS FILE HAS BEEN AUTO-GENERATED.
* Options

option "title" "Example Beancount file"
option "operating_currency" "USD"


; Added includes to test that functionality
include "./comments.beancount"
include "./simple.beancount"



* Commodities


1792-01-01 commodity USD
  export: "CASH"
  name: "US Dollar"

1900-01-01 commodity VMMXX
  export: "MUTF:VMMXX (MONEY:USD)"

1980-05-12 commodity VACHR
  export: "IGNORE"
  name: "Employer Vacation Hours"

1980-05-12 commodity IRAUSD
  export: "IGNORE"
  name: "US 401k and IRA Contributions"

1995-09-18 commodity VBMPX
  export: "MUTF:VBMPX"
  name: "Vanguard Total Bond Market Index Fund Institutional Plus Shares"
  price: "USD:google/MUTF:VBMPX"

2004-01-20 commodity ITOT
  export: "NYSEARCA:ITOT"
  name: "iShares Core S&P Total U.S. Stock Market ETF"
  price: "USD:google/NYSEARCA:ITOT"

2004-01-26 commodity VHT
  export: "NYSEARCA:VHT"
  name: "Vanguard Health Care ETF"
  price: "USD:google/NYSEARCA:VHT"

2004-11-01 commodity GLD
  export: "NYSEARCA:GLD"
  name: "SPDR Gold Trust (ETF)"
  price: "USD:google/NYSEARCA:GLD"

2007-07-20 commodity VEA
  export: "NYSEARCA:VEA"
  name: "Vanguard FTSE Developed Markets ETF"
  price: "USD:google/NYSEARCA:VEA"

2009-05-01 commodity RGAGX
  export: "MUTF:RGAGX"
  name: "American Funds The Growth Fund of America Class R-6"
  price: "USD:google/MUTF:RGAGX"



* Equity Accounts

1980-05-12 open Equity:Opening-Balances
1980-05-12 open Liabilities:AccountsPayable



* Banking

2020-01-01 open Assets:US:BofA
  address: "123 America Street, LargeTown, USA"
  institution: "Bank of America"
  phone: "+1.012.345.6789"
2020-01-01 open Assets:US:BofA:Checking                        USD
  account: "00234-48574897"

2020-01-01 * "Opening Balance for checking account"
  Assets:US:BofA:Checking                         3467.65 USD
  Equity:Opening-Balances                        -3467.65 USD

2020-01-02 balance Assets:US:BofA:Checking        3467.65 USD

2020-01-04 * "BANK FEES" "Monthly bank fee"
  Assets:US:BofA:Checking                           -4.00 USD
  Expenses:Financial:Fees                            4.00 USD

2020-01-04 * "RiverBank Properties" "Paying the rent"
  Assets:US:BofA:Checking                        -2400.00 USD
  Expenses:Home:Rent                              2400.00 USD

2020-01-08 * "EDISON POWER" ""
  Assets:US:BofA:Checking                          -65.00 USD
  Expenses:Home:Electricity                         65.00 USD

2020-01-18 * "Verizon Wireless" ""
  Assets:US:BofA:Checking                          -67.03 USD
  Expenses:Home:Phone                               67.03 USD

2020-01-21 * "Wine-Tarner Cable" ""
  Assets:US:BofA:Checking                          -80.16 USD
  Expenses:Home:Internet                            80.16 USD

2020-01-27 balance Assets:US:BofA:Checking        3343.35 USD

2020-02-04 * "BANK FEES" "Monthly bank fee"
  Assets:US:BofA:Checking                           -4.00 USD
  Expenses:Financial:Fees                            4.00 USD

2020-02-06 * "RiverBank Properties" "Paying the rent"
  Assets:US:BofA:Checking                        -2400.00 USD
  Expenses:Home:Rent                              2400.00 USD

2020-02-09 * "EDISON POWER" ""
  Assets:US:BofA:Checking                          -65.00 USD
  Expenses:Home:Electricity                         65.00 USD

2020-02-16 balance Assets:US:BofA:Checking        2953.57 USD

2020-02-19 * "Verizon Wireless" ""
  Assets:US:BofA:Checking                          -56.18 USD
  Expenses:Home:Phone                               56.18 USD

2020-02-22 * "Wine-Tarner Cable" ""
  Assets:US:BofA:Checking                          -79.86 USD
  Expenses:Home:Internet                            79.86 USD

2020-03-03 * "RiverBank Properties" "Paying the rent"
  Assets:US:BofA:Checking                        -2400.00 USD
  Expenses:Home:Rent                              2400.00 USD

2020-03-04 * "BANK FEES" "Monthly bank fee"
  Assets:US:BofA:Checking                           -4.00 USD
  Expenses:Financial:Fees                            4.00 USD

2020-03-08 * "EDISON POWER" ""
  Assets:US:BofA:Checking                          -65.00 USD
  Expenses:Home:Electricity                         65.00 USD

2020-03-11 balance Assets:US:BofA:Checking        1027.26 USD

2020-03-19 * "Verizon Wireless" ""
  Assets:US:BofA:Checking                          -56.61 USD
  Expenses:Home:Phone                               56.61 USD

2020-03-23 * "Wine-Tarner Cable" ""
  Assets:US:BofA:Checking                          -80.12 USD
  Expenses:Home:Internet                            80.12 USD

2020-04-04 * "BANK FEES" "Monthly bank fee"
  Assets:US:BofA:Checking                           -4.00 USD
  Expenses:Financial:Fees                            4.00 USD

2020-04-04 * "RiverBank Properties" "Paying the rent"
  Assets:US:BofA:Checking                        -2400.00 USD
  Expenses:Home:Rent                              2400.00 USD

2020-04-09 * "EDISON POWER" ""
  Assets:US:BofA:Checking                          -65.00 USD
  Expenses:Home:Electricity                         65.00 USD

2020-04-10 balance Assets:US:BofA:Checking        2473.33 USD

2020-04-18 * "Verizon Wireless" ""
  Assets:US:BofA:Checking                          -52.19 USD
  Expenses:Home:Phone                               52.19 USD

2020-04-22 * "Wine-Tarner Cable" ""
  Assets:US:BofA:Checking                          -79.95 USD
  Expenses:Home:Internet                            79.95 USD

2020-05-04 * "BANK FEES" "Monthly bank fee"
  Assets:US:BofA:Checking                           -4.00 USD
  Expenses:Financial:Fees                            4.00 USD

2020-05-05 * "RiverBank Properties" "Paying the rent"
  Assets:US:BofA:Checking                        -2400.00 USD
  Expenses:Home:Rent                              2400.00 USD

2020-05-09 balance Assets:US:BofA:Checking        1253.14 USD

2020-05-09 * "EDISON POWER" ""
  Assets:US:BofA:Checking                          -65.00 USD
  Expenses:Home:Electricity                         65.00 USD

2020-05-19 * "Verizon Wireless" ""
  Assets:US:BofA:Checking                          -58.87 USD
  Expenses:Home:Phone                               58.87 USD

2020-05-22 * "Wine-Tarner Cable" ""
  Assets:US:BofA:Checking                          -79.87 USD
  Expenses:Home:Internet                            79.87 USD

2020-06-03 * "RiverBank Properties" "Paying the rent"
  Assets:US:BofA:Checking                        -2400.00 USD
  Expenses:Home:Rent                              2400.00 USD

2020-06-04 * "BANK FEES" "Monthly bank fee"
  Assets:US:BofA:Checking                           -4.00 USD
  Expenses:Financial:Fees                            4.00 USD

2020-06-06 balance Assets:US:BofA:Checking        1346.60 USD

2020-06-09 * "EDISON POWER" ""
  Assets:US:BofA:Checking                          -65.00 USD
  Expenses:Home:Electricity                         65.00 USD

2020-06-18 * "Verizon Wireless" ""
  Assets:US:BofA:Checking                          -63.09 USD
  Expenses:Home:Phone                               63.09 USD

2020-06-23 * "Wine-Tarner Cable" ""
  Assets:US:BofA:Checking                          -79.90 USD
  Expenses:Home:Internet                            79.90 USD

2020-06-26 balance Assets:US:BofA:Checking        1945.60 USD

2020-07-04 * "BANK FEES" "Monthly bank fee"
  Assets:US:BofA:Checking                           -4.00 USD
  Expenses:Financial:Fees                            4.00 USD

2020-07-06 * "RiverBank Properties" "Paying the rent"
  Assets:US:BofA:Checking                        -2400.00 USD
  Expenses:Home:Rent                              2400.00 USD

2020-07-08 * "EDISON POWER" ""
  Assets:US:BofA:Checking                          -65.00 USD
  Expenses:Home:Electricity                         65.00 USD

2020-07-19 * "Verizon Wireless" ""
  Assets:US:BofA:Checking                          -77.49 USD
  Expenses:Home:Phone                               77.49 USD

2020-07-21 * "Wine-Tarner Cable" ""
  Assets:US:BofA:Checking                          -80.22 USD
  Expenses:Home:Internet                            80.22 USD

2020-07-25 balance Assets:US:BofA:Checking        1441.32 USD

2020-08-04 * "BANK FEES" "Monthly bank fee"
  Assets:US:BofA:Checking                           -4.00 USD
  Expenses:Financial:Fees                            4.00 USD

2020-08-06 * "RiverBank Properties" "Paying the rent"
  Assets:US:BofA:Checking                        -2400.00 USD
  Expenses:Home:Rent                              2400.00 USD

2020-08-08 * "EDISON POWER" ""
  Assets:US:BofA:Checking                          -65.00 USD
  Expenses:Home:Electricity                         65.00 USD

2020-08-18 * "Verizon Wireless" ""
  Assets:US:BofA:Checking                          -61.92 USD
  Expenses:Home:Phone                               61.92 USD

2020-08-22 * "Wine-Tarner Cable" ""
  Assets:US:BofA:Checking                          -79.94 USD
  Expenses:Home:Internet                            79.94 USD

2020-08-23 balance Assets:US:BofA:Checking        2668.05 USD

2020-09-03 * "RiverBank Properties" "Paying the rent"
  Assets:US:BofA:Checking                        -2400.00 USD
  Expenses:Home:Rent                              2400.00 USD

2020-09-04 * "BANK FEES" "Monthly bank fee"
  Assets:US:BofA:Checking                           -4.00 USD
  Expenses:Financial:Fees                            4.00 USD

2020-09-08 * "EDISON POWER" ""
  Assets:US:BofA:Checking                          -65.00 USD
  Expenses:Home:Electricity                         65.00 USD

2020-09-11 * "Transfering accumulated savings to other account"
  Assets:US:BofA:Checking                           -4000 USD
  Assets:US:ETrade:Cash                              4000 USD

2020-09-18 * "Verizon Wireless" ""
  Assets:US:BofA:Checking                          -57.66 USD
  Expenses:Home:Phone                               57.66 USD

2020-09-20 balance Assets:US:BofA:Checking         651.20 USD

2020-09-23 * "Wine-Tarner Cable" ""
  Assets:US:BofA:Checking                          -80.14 USD
  Expenses:Home:Internet                            80.14 USD

2020-10-04 * "BANK FEES" "Monthly bank fee"
  Assets:US:BofA:Checking                           -4.00 USD
  Expenses:Financial:Fees                            4.00 USD

2020-10-06 * "RiverBank Properties" "Paying the rent"
  Assets:US:BofA:Checking                        -2400.00 USD
  Expenses:Home:Rent                              2400.00 USD

2020-10-09 * "EDISON POWER" ""
  Assets:US:BofA:Checking                          -65.00 USD
  Expenses:Home:Electricity                         65.00 USD

2020-10-19 balance Assets:US:BofA:Checking        2466.61 USD

2020-10-19 * "Verizon Wireless" ""
  Assets:US:BofA:Checking                          -58.01 USD
  Expenses:Home:Phone                               58.01 USD

2020-10-22 * "Wine-Tarner Cable" ""
  Assets:US:BofA:Checking                          -79.92 USD
  Expenses:Home:Internet                            79.92 USD

2020-11-04 * "BANK FEES" "Monthly bank fee"
  Assets:US:BofA:Checking                           -4.00 USD
  Expenses:Financial:Fees                            4.00 USD

2020-11-04 * "RiverBank Properties" "Paying the rent"
  Assets:US:BofA:Checking                        -2400.00 USD
  Expenses:Home:Rent                              2400.00 USD

2020-11-06 * "Transfering accumulated savings to other account"
  Assets:US:BofA:Checking                           -4000 USD
  Assets:US:ETrade:Cash                              4000 USD

2020-11-08 * "EDISON POWER" ""
  Assets:US:BofA:Checking                          -65.00 USD
  Expenses:Home:Electricity                         65.00 USD

2020-11-12 balance Assets:US:BofA:Checking         263.60 USD

2020-11-18 * "Verizon Wireless" ""
  Assets:US:BofA:Checking                          -62.76 USD
  Expenses:Home:Phone                               62.76 USD

2020-11-23 * "Wine-Tarner Cable" ""
  Assets:US:BofA:Checking                          -80.10 USD
  Expenses:Home:Internet                            80.10 USD

2020-12-04 * "BANK FEES" "Monthly bank fee"
  Assets:US:BofA:Checking                           -4.00 USD
  Expenses:Financial:Fees                            4.00 USD

2020-12-06 balance Assets:US:BofA:Checking        5256.40 USD

2020-12-06 * "RiverBank Properties" "Paying the rent"
  Assets:US:BofA:Checking                        -2400.00 USD
  Expenses:Home:Rent                              2400.00 USD

2020-12-08 * "EDISON POWER" ""
  Assets:US:BofA:Checking                          -65.00 USD
  Expenses:Home:Electricity                         65.00 USD

2020-12-20 * "Verizon Wireless" ""
  Assets:US:BofA:Checking                          -55.09 USD
  Expenses:Home:Phone                               55.09 USD

2020-12-23 * "Wine-Tarner Cable" ""
  Assets:US:BofA:Checking                          -79.98 USD
  Expenses:Home:Internet                            79.98 USD

2021-01-03 balance Assets:US:BofA:Checking        8059.95 USD

2021-01-04 * "BANK FEES" "Monthly bank fee"
  Assets:US:BofA:Checking                           -4.00 USD
  Expenses:Financial:Fees                            4.00 USD

2021-01-04 * "RiverBank Properties" "Paying the rent"
  Assets:US:BofA:Checking                        -2400.00 USD
  Expenses:Home:Rent                              2400.00 USD

2021-01-08 * "EDISON POWER" ""
  Assets:US:BofA:Checking                          -65.00 USD
  Expenses:Home:Electricity                         65.00 USD

2021-01-18 * "Verizon Wireless" ""
  Assets:US:BofA:Checking                          -75.09 USD
  Expenses:Home:Phone                               75.09 USD

2021-01-23 * "Wine-Tarner Cable" ""
  Assets:US:BofA:Checking                          -80.03 USD
  Expenses:Home:Internet                            80.03 USD

2021-02-02 balance Assets:US:BofA:Checking        7375.54 USD

2021-02-04 * "BANK FEES" "Monthly bank fee"
  Assets:US:BofA:Checking                           -4.00 USD
  Expenses:Financial:Fees                            4.00 USD

2021-02-06 * "RiverBank Properties" "Paying the rent"
  Assets:US:BofA:Checking                        -2400.00 USD
  Expenses:Home:Rent                              2400.00 USD

2021-02-09 * "EDISON POWER" ""
  Assets:US:BofA:Checking                          -65.00 USD
  Expenses:Home:Electricity                         65.00 USD

2021-02-20 * "Verizon Wireless" ""
  Assets:US:BofA:Checking                          -62.56 USD
  Expenses:Home:Phone                               62.56 USD

2021-02-22 * "Wine-Tarner Cable" ""
  Assets:US:BofA:Checking                          -79.82 USD
  Expenses:Home:Internet                            79.82 USD

2021-03-01 balance Assets:US:BofA:Checking        6968.28 USD

2021-03-04 * "BANK FEES" "Monthly bank fee"
  Assets:US:BofA:Checking                           -4.00 USD
  Expenses:Financial:Fees                            4.00 USD

2021-03-04 * "RiverBank Properties" "Paying the rent"
  Assets:US:BofA:Checking                        -2400.00 USD
  Expenses:Home:Rent                              2400.00 USD

2021-03-09 * "EDISON POWER" ""
  Assets:US:BofA:Checking                          -65.00 USD
  Expenses:Home:Electricity                         65.00 USD

2021-03-19 * "Verizon Wireless" ""
  Assets:US:BofA:Checking                          -48.02 USD
  Expenses:Home:Phone                               48.02 USD

2021-03-23 * "Wine-Tarner Cable" ""
  Assets:US:BofA:Checking                          -80.10 USD
  Expenses:Home:Internet                            80.10 USD

2021-03-27 balance Assets:US:BofA:Checking        6049.17 USD

2021-04-04 * "BANK FEES" "Monthly bank fee"
  Assets:US:BofA:Checking                           -4.00 USD
  Expenses:Financial:Fees                            4.00 USD

2021-04-04 * "RiverBank Properties" "Paying the rent"
  Assets:US:BofA:Checking                        -2400.00 USD
  Expenses:Home:Rent                              2400.00 USD

2021-04-09 * "EDISON POWER" ""
  Assets:US:BofA:Checking                          -65.00 USD
  Expenses:Home:Electricity                         65.00 USD

2021-04-19 * "Verizon Wireless" ""
  Assets:US:BofA:Checking                          -68.75 USD
  Expenses:Home:Phone                               68.75 USD

2021-04-21 * "Wine-Tarner Cable" ""
  Assets:US:BofA:Checking                          -80.16 USD
  Expenses:Home:Internet                            80.16 USD

2021-04-26 balance Assets:US:BofA:Checking        5474.41 USD

2021-05-04 * "BANK FEES" "Monthly bank fee"
  Assets:US:BofA:Checking                           -4.00 USD
  Expenses:Financial:Fees                            4.00 USD

2021-05-06 * "RiverBank Properties" "Paying the rent"
  Assets:US:BofA:Checking                        -2400.00 USD
  Expenses:Home:Rent                              2400.00 USD

2021-05-09 * "EDISON POWER" ""
  Assets:US:BofA:Checking                          -65.00 USD
  Expenses:Home:Electricity                         65.00 USD

2021-05-17 balance Assets:US:BofA:Checking        3731.92 USD

2021-05-20 * "Verizon Wireless" ""
  Assets:US:BofA:Checking                          -67.65 USD
  Expenses:Home:Phone                               67.65 USD

2021-05-21 * "Wine-Tarner Cable" ""
  Assets:US:BofA:Checking                          -79.93 USD
  Expenses:Home:Internet                            79.93 USD

2021-06-03 * "RiverBank Properties" "Paying the rent"
  Assets:US:BofA:Checking                        -2400.00 USD
  Expenses:Home:Rent                              2400.00 USD

2021-06-04 * "BANK FEES" "Monthly bank fee"
  Assets:US:BofA:Checking                           -4.00 USD
  Expenses:Financial:Fees                            4.00 USD

2021-06-08 * "EDISON POWER" ""
  Assets:US:BofA:Checking                          -65.00 USD
  Expenses:Home:Electricity                         65.00 USD

2021-06-12 balance Assets:US:BofA:Checking        2895.19 USD

2021-06-20 * "Verizon Wireless" ""
  Assets:US:BofA:Checking                          -69.76 USD
  Expenses:Home:Phone                               69.76 USD

2021-06-21 * "Wine-Tarner Cable" ""
  Assets:US:BofA:Checking                          -79.90 USD
  Expenses:Home:Internet                            79.90 USD

2021-07-03 * "RiverBank Properties" "Paying the rent"
  Assets:US:BofA:Checking                        -2400.00 USD
  Expenses:Home:Rent                              2400.00 USD

2021-07-04 * "BANK FEES" "Monthly bank fee"
  Assets:US:BofA:Checking                           -4.00 USD
  Expenses:Financial:Fees                            4.00 USD

2021-07-08 * "EDISON POWER" ""
  Assets:US:BofA:Checking                          -65.00 USD
  Expenses:Home:Electricity                         65.00 USD

2021-07-12 balance Assets:US:BofA:Checking        2499.92 USD

2021-07-20 * "Verizon Wireless" ""
  Assets:US:BofA:Checking                          -54.39 USD
  Expenses:Home:Phone                               54.39 USD

2021-07-22 * "Wine-Tarner Cable" ""
  Assets:US:BofA:Checking                          -79.88 USD
  Expenses:Home:Internet                            79.88 USD

2021-08-04 * "BANK FEES" "Monthly bank fee"
  Assets:US:BofA:Checking                           -4.00 USD
  Expenses:Financial:Fees                            4.00 USD

2021-08-04 * "RiverBank Properties" "Paying the rent"
  Assets:US:BofA:Checking                        -2400.00 USD
  Expenses:Home:Rent                              2400.00 USD

2021-08-06 balance Assets:US:BofA:Checking        2662.85 USD

2021-08-09 * "EDISON POWER" ""
  Assets:US:BofA:Checking                          -65.00 USD
  Expenses:Home:Electricity                         65.00 USD

2021-08-13 * "Transfering accumulated savings to other account"
  Assets:US:BofA:Checking                           -3500 USD
  Assets:US:ETrade:Cash                              3500 USD

2021-08-19 * "Verizon Wireless" ""
  Assets:US:BofA:Checking                          -55.24 USD
  Expenses:Home:Phone                               55.24 USD

2021-08-23 * "Wine-Tarner Cable" ""
  Assets:US:BofA:Checking                          -79.99 USD
  Expenses:Home:Internet                            79.99 USD

2021-08-30 balance Assets:US:BofA:Checking        2899.36 USD

2021-09-04 * "BANK FEES" "Monthly bank fee"
  Assets:US:BofA:Checking                           -4.00 USD
  Expenses:Financial:Fees                            4.00 USD

2021-09-04 * "RiverBank Properties" "Paying the rent"
  Assets:US:BofA:Checking                        -2400.00 USD
  Expenses:Home:Rent                              2400.00 USD

2021-09-08 * "EDISON POWER" ""
  Assets:US:BofA:Checking                          -65.00 USD
  Expenses:Home:Electricity                         65.00 USD

2021-09-19 * "Verizon Wireless" ""
  Assets:US:BofA:Checking                          -78.70 USD
  Expenses:Home:Phone                               78.70 USD

2021-09-21 * "Wine-Tarner Cable" ""
  Assets:US:BofA:Checking                          -79.99 USD
  Expenses:Home:Internet                            79.99 USD

2021-09-29 balance Assets:US:BofA:Checking        5287.97 USD

2021-10-04 * "BANK FEES" "Monthly bank fee"
  Assets:US:BofA:Checking                           -4.00 USD
  Expenses:Financial:Fees                            4.00 USD

2021-10-05 * "RiverBank Properties" "Paying the rent"
  Assets:US:BofA:Checking                        -2400.00 USD
  Expenses:Home:Rent                              2400.00 USD

2021-10-08 * "Transfering accumulated savings to other account"
  Assets:US:BofA:Checking                           -4000 USD
  Assets:US:ETrade:Cash                              4000 USD

2021-10-09 * "EDISON POWER" ""
  Assets:US:BofA:Checking                          -65.00 USD
  Expenses:Home:Electricity                         65.00 USD

2021-10-20 * "Verizon Wireless" ""
  Assets:US:BofA:Checking                          -55.34 USD
  Expenses:Home:Phone                               55.34 USD

2021-10-22 balance Assets:US:BofA:Checking        3160.20 USD

2021-10-22 * "Wine-Tarner Cable" ""
  Assets:US:BofA:Checking                          -79.88 USD
  Expenses:Home:Internet                            79.88 USD

2021-11-03 * "RiverBank Properties" "Paying the rent"
  Assets:US:BofA:Checking                        -2400.00 USD
  Expenses:Home:Rent                              2400.00 USD

2021-11-04 * "BANK FEES" "Monthly bank fee"
  Assets:US:BofA:Checking                           -4.00 USD
  Expenses:Financial:Fees                            4.00 USD

2021-11-09 * "EDISON POWER" ""
  Assets:US:BofA:Checking                          -65.00 USD
  Expenses:Home:Electricity                         65.00 USD

2021-11-18 * "Verizon Wireless" ""
  Assets:US:BofA:Checking                          -62.50 USD
  Expenses:Home:Phone                               62.50 USD

2021-11-19 * "Transfering accumulated savings to other account"
  Assets:US:BofA:Checking                           -3500 USD
  Assets:US:ETrade:Cash                              3500 USD

2021-11-20 balance Assets:US:BofA:Checking        1542.77 USD

2021-11-22 * "Wine-Tarner Cable" ""
  Assets:US:BofA:Checking                          -79.91 USD
  Expenses:Home:Internet                            79.91 USD

2021-12-04 * "BANK FEES" "Monthly bank fee"
  Assets:US:BofA:Checking                           -4.00 USD
  Expenses:Financial:Fees                            4.00 USD

2021-12-05 * "RiverBank Properties" "Paying the rent"
  Assets:US:BofA:Checking                        -2400.00 USD
  Expenses:Home:Rent                              2400.00 USD

2021-12-08 * "EDISON POWER" ""
  Assets:US:BofA:Checking                          -65.00 USD
  Expenses:Home:Electricity                         65.00 USD

2021-12-17 balance Assets:US:BofA:Checking        3472.32 USD

2021-12-20 * "Verizon Wireless" ""
  Assets:US:BofA:Checking                          -61.86 USD
  Expenses:Home:Phone                               61.86 USD

2021-12-22 * "Wine-Tarner Cable" ""
  Assets:US:BofA:Checking                          -80.08 USD
  Expenses:Home:Internet                            80.08 USD

2022-01-04 * "BANK FEES" "Monthly bank fee"
  Assets:US:BofA:Checking                           -4.00 USD
  Expenses:Financial:Fees                            4.00 USD

2022-01-04 * "RiverBank Properties" "Paying the rent"
  Assets:US:BofA:Checking                        -2400.00 USD
  Expenses:Home:Rent                              2400.00 USD

2022-01-08 * "EDISON POWER" ""
  Assets:US:BofA:Checking                          -65.00 USD
  Expenses:Home:Electricity                         65.00 USD

2022-01-13 balance Assets:US:BofA:Checking        2978.81 USD

2022-01-19 * "Verizon Wireless" ""
  Assets:US:BofA:Checking                          -65.41 USD
  Expenses:Home:Phone                               65.41 USD

2022-01-21 * "Wine-Tarner Cable" ""
  Assets:US:BofA:Checking                          -79.75 USD
  Expenses:Home:Internet                            79.75 USD

2022-02-04 balance Assets:US:BofA:Checking        5534.85 USD

2022-02-04 * "BANK FEES" "Monthly bank fee"
  Assets:US:BofA:Checking                           -4.00 USD
  Expenses:Financial:Fees                            4.00 USD

2022-02-05 * "RiverBank Properties" "Paying the rent"
  Assets:US:BofA:Checking                        -2400.00 USD
  Expenses:Home:Rent                              2400.00 USD

2022-02-08 * "EDISON POWER" ""
  Assets:US:BofA:Checking                          -65.00 USD
  Expenses:Home:Electricity                         65.00 USD

2022-02-20 * "Verizon Wireless" ""
  Assets:US:BofA:Checking                          -36.75 USD
  Expenses:Home:Phone                               36.75 USD

2022-02-21 * "Wine-Tarner Cable" ""
  Assets:US:BofA:Checking                          -80.05 USD
  Expenses:Home:Internet                            80.05 USD

2022-03-04 balance Assets:US:BofA:Checking        5406.66 USD

2022-03-04 * "BANK FEES" "Monthly bank fee"
  Assets:US:BofA:Checking                           -4.00 USD
  Expenses:Financial:Fees                            4.00 USD

2022-03-06 * "RiverBank Properties" "Paying the rent"
  Assets:US:BofA:Checking                        -2400.00 USD
  Expenses:Home:Rent                              2400.00 USD

2022-03-09 * "EDISON POWER" ""
  Assets:US:BofA:Checking                          -65.00 USD
  Expenses:Home:Electricity                         65.00 USD

2022-03-19 * "Verizon Wireless" ""
  Assets:US:BofA:Checking                          -61.23 USD
  Expenses:Home:Phone                               61.23 USD

2022-03-22 * "Wine-Tarner Cable" ""
  Assets:US:BofA:Checking                          -80.02 USD
  Expenses:Home:Internet                            80.02 USD

2022-03-24 balance Assets:US:BofA:Checking        2915.09 USD

2022-04-04 * "BANK FEES" "Monthly bank fee"
  Assets:US:BofA:Checking                           -4.00 USD
  Expenses:Financial:Fees                            4.00 USD

2022-04-04 * "RiverBank Properties" "Paying the rent"
  Assets:US:BofA:Checking                        -2400.00 USD
  Expenses:Home:Rent                              2400.00 USD

2022-04-09 * "EDISON POWER" ""
  Assets:US:BofA:Checking                          -65.00 USD
  Expenses:Home:Electricity                         65.00 USD

2022-04-16 balance Assets:US:BofA:Checking        2336.46 USD

2022-04-18 * "Verizon Wireless" ""
  Assets:US:BofA:Checking                          -31.47 USD
  Expenses:Home:Phone                               31.47 USD

2022-04-23 * "Wine-Tarner Cable" ""
  Assets:US:BofA:Checking                          -80.01 USD
  Expenses:Home:Internet                            80.01 USD

2022-05-04 * "BANK FEES" "Monthly bank fee"
  Assets:US:BofA:Checking                           -4.00 USD
  Expenses:Financial:Fees                            4.00 USD

2022-05-06 * "RiverBank Properties" "Paying the rent"
  Assets:US:BofA:Checking                        -2400.00 USD
  Expenses:Home:Rent                              2400.00 USD

2022-05-08 * "EDISON POWER" ""
  Assets:US:BofA:Checking                          -65.00 USD
  Expenses:Home:Electricity                         65.00 USD

2022-05-14 balance Assets:US:BofA:Checking        1736.91 USD

2022-05-18 * "Verizon Wireless" ""
  Assets:US:BofA:Checking                          -65.01 USD
  Expenses:Home:Phone                               65.01 USD

2022-05-22 * "Wine-Tarner Cable" ""
  Assets:US:BofA:Checking                          -79.94 USD
  Expenses:Home:Internet                            79.94 USD

2022-06-04 balance Assets:US:BofA:Checking        4293.16 USD

2022-06-04 * "BANK FEES" "Monthly bank fee"
  Assets:US:BofA:Checking                           -4.00 USD
  Expenses:Financial:Fees                            4.00 USD

2022-06-06 * "RiverBank Properties" "Paying the rent"
  Assets:US:BofA:Checking                        -2400.00 USD
  Expenses:Home:Rent                              2400.00 USD

2022-06-08 * "EDISON POWER" ""
  Assets:US:BofA:Checking                          -65.00 USD
  Expenses:Home:Electricity                         65.00 USD

2022-06-19 * "Verizon Wireless" ""
  Assets:US:BofA:Checking                          -45.51 USD
  Expenses:Home:Phone                               45.51 USD

2022-06-23 * "Wine-Tarner Cable" ""
  Assets:US:BofA:Checking                          -79.95 USD
  Expenses:Home:Internet                            79.95 USD

2022-06-30 balance Assets:US:BofA:Checking        2496.31 USD

2022-07-04 * "BANK FEES" "Monthly bank fee"
  Assets:US:BofA:Checking                           -4.00 USD
  Expenses:Financial:Fees                            4.00 USD

2022-07-06 * "RiverBank Properties" "Paying the rent"
  Assets:US:BofA:Checking                        -2400.00 USD
  Expenses:Home:Rent                              2400.00 USD

2022-07-09 * "EDISON POWER" ""
  Assets:US:BofA:Checking                          -65.00 USD
  Expenses:Home:Electricity                         65.00 USD

2022-07-20 balance Assets:US:BofA:Checking        2054.76 USD

2022-07-20 * "Verizon Wireless" ""
  Assets:US:BofA:Checking                          -47.27 USD
  Expenses:Home:Phone                               47.27 USD

2022-07-21 * "Wine-Tarner Cable" ""
  Assets:US:BofA:Checking                          -79.97 USD
  Expenses:Home:Internet                            79.97 USD

2022-08-03 * "RiverBank Properties" "Paying the rent"
  Assets:US:BofA:Checking                        -2400.00 USD
  Expenses:Home:Rent                              2400.00 USD

2022-08-04 * "BANK FEES" "Monthly bank fee"
  Assets:US:BofA:Checking                           -4.00 USD
  Expenses:Financial:Fees                            4.00 USD

2022-08-08 * "EDISON POWER" ""
  Assets:US:BofA:Checking                          -65.00 USD
  Expenses:Home:Electricity                         65.00 USD

2022-08-11 balance Assets:US:BofA:Checking         447.63 USD

2022-08-19 * "Verizon Wireless" ""
  Assets:US:BofA:Checking                          -40.22 USD
  Expenses:Home:Phone                               40.22 USD

2022-08-22 * "Wine-Tarner Cable" ""
  Assets:US:BofA:Checking                          -79.99 USD
  Expenses:Home:Internet                            79.99 USD

2022-09-03 * "RiverBank Properties" "Paying the rent"
  Assets:US:BofA:Checking                        -2400.00 USD
  Expenses:Home:Rent                              2400.00 USD

2022-09-04 balance Assets:US:BofA:Checking        2528.62 USD

2022-09-04 * "BANK FEES" "Monthly bank fee"
  Assets:US:BofA:Checking                           -4.00 USD
  Expenses:Financial:Fees                            4.00 USD

2022-09-09 * "EDISON POWER" ""
  Assets:US:BofA:Checking                          -65.00 USD
  Expenses:Home:Electricity                         65.00 USD

2022-09-09 * "Transfering accumulated savings to other account"
  Assets:US:BofA:Checking                           -4000 USD
  Assets:US:ETrade:Cash                              4000 USD

2022-09-19 * "Verizon Wireless" ""
  Assets:US:BofA:Checking                          -70.61 USD
  Expenses:Home:Phone                               70.61 USD

2022-09-23 * "Wine-Tarner Cable" ""
  Assets:US:BofA:Checking                          -80.07 USD
  Expenses:Home:Internet                            80.07 USD

2022-10-01 balance Assets:US:BofA:Checking        2728.96 USD

2022-10-04 * "BANK FEES" "Monthly bank fee"
  Assets:US:BofA:Checking                           -4.00 USD
  Expenses:Financial:Fees                            4.00 USD

2022-10-07 * "Transfering accumulated savings to other account"
  Assets:US:BofA:Checking                           -5000 USD
  Assets:US:ETrade:Cash                              5000 USD



* Credit-Cards

1980-05-12 open Liabilities:US:Chase:Slate                      USD

2020-01-03 * "Jewel of Morroco" "Eating out with Joe"
  Liabilities:US:Chase:Slate                       -29.62 USD
  Expenses:Food:Restaurant                          29.62 USD

2020-01-07 * "Uncle Boons" "Eating out alone"
  Liabilities:US:Chase:Slate                       -18.73 USD
  Expenses:Food:Restaurant                          18.73 USD

2020-01-08 * "Kin Soy" "Eating out with Natasha"
  Liabilities:US:Chase:Slate                       -62.63 USD
  Expenses:Food:Restaurant                          62.63 USD

2020-01-11 * "Farmer Fresh" "Buying groceries"
  Liabilities:US:Chase:Slate                       -98.33 USD
  Expenses:Food:Groceries                           98.33 USD

2020-01-11 * "Chase:Slate" "Paying off credit card"
  Liabilities:US:Chase:Slate                       209.31 USD
  Assets:US:BofA:Checking                         -209.31 USD

2020-01-13 * "Uncle Boons" "Eating out with Joe"
  Liabilities:US:Chase:Slate                       -84.45 USD
  Expenses:Food:Restaurant                          84.45 USD

2020-01-15 * "Uncle Boons" "Eating out alone"
  Liabilities:US:Chase:Slate                       -32.97 USD
  Expenses:Food:Restaurant                          32.97 USD

2020-01-18 * "Chichipotle" "Eating out with Natasha"
  Liabilities:US:Chase:Slate                       -33.46 USD
  Expenses:Food:Restaurant                          33.46 USD

2020-01-19 * "Cafe Modagor" "Eating out with Joe"
  Liabilities:US:Chase:Slate                       -27.82 USD
  Expenses:Food:Restaurant                          27.82 USD

2020-01-23 * "Rose Flower" "Eating out after work"
  Liabilities:US:Chase:Slate                       -55.85 USD
  Expenses:Food:Restaurant                          55.85 USD

2020-01-24 * "Goba Goba" "Eating out "
  Liabilities:US:Chase:Slate                       -13.86 USD
  Expenses:Food:Restaurant                          13.86 USD

2020-01-26 balance Liabilities:US:Chase:Slate     -248.41 USD

2020-01-28 * "Metro Transport Authority" "Tram tickets"
  Liabilities:US:Chase:Slate                      -120.00 USD
  Expenses:Transport:Tram                          120.00 USD

2020-01-29 * "Uncle Boons" "Eating out with Natasha"
  Liabilities:US:Chase:Slate                       -43.26 USD
  Expenses:Food:Restaurant                          43.26 USD

2020-01-31 * "Corner Deli" "Buying groceries"
  Liabilities:US:Chase:Slate                       -69.80 USD
  Expenses:Food:Groceries                           69.80 USD

2020-02-01 * "Cafe Modagor" "Eating out with work buddies"
  Liabilities:US:Chase:Slate                       -46.78 USD
  Expenses:Food:Restaurant                          46.78 USD

2020-02-04 * "Chichipotle" "Eating out "
  Liabilities:US:Chase:Slate                       -52.27 USD
  Expenses:Food:Restaurant                          52.27 USD

2020-02-06 * "Chichipotle" "Eating out with Natasha"
  Liabilities:US:Chase:Slate                       -17.71 USD
  Expenses:Food:Restaurant                          17.71 USD

2020-02-08 * "Jewel of Morroco" "Eating out with work buddies"
  Liabilities:US:Chase:Slate                       -23.75 USD
  Expenses:Food:Restaurant                          23.75 USD

2020-02-08 * "Chase:Slate" "Paying off credit card"
  Liabilities:US:Chase:Slate                       621.98 USD
  Assets:US:BofA:Checking                         -621.98 USD

2020-02-09 * "Rose Flower" "Eating out with Bill"
  Liabilities:US:Chase:Slate                       -29.43 USD
  Expenses:Food:Restaurant                          29.43 USD

2020-02-11 * "China Garden" "Eating out with Bill"
  Liabilities:US:Chase:Slate                       -68.97 USD
  Expenses:Food:Restaurant                          68.97 USD

2020-02-12 * "Onion Market" "Buying groceries"
  Liabilities:US:Chase:Slate                       -84.23 USD
  Expenses:Food:Groceries                           84.23 USD

2020-02-14 * "Jewel of Morroco" "Eating out after work"
  Liabilities:US:Chase:Slate                       -29.98 USD
  Expenses:Food:Restaurant                          29.98 USD

2020-02-18 * "Chichipotle" "Eating out with Joe"
  Liabilities:US:Chase:Slate                       -33.18 USD
  Expenses:Food:Restaurant                          33.18 USD

2020-02-20 * "Chichipotle" "Eating out with Joe"
  Liabilities:US:Chase:Slate                       -24.70 USD
  Expenses:Food:Restaurant                          24.70 USD

2020-02-23 * "Chichipotle" "Eating out with Julie"
  Liabilities:US:Chase:Slate                       -37.95 USD
  Expenses:Food:Restaurant                          37.95 USD

2020-02-24 balance Liabilities:US:Chase:Slate     -308.44 USD

2020-02-26 * "Farmer Fresh" "Buying groceries"
  Liabilities:US:Chase:Slate                       -92.00 USD
  Expenses:Food:Groceries                           92.00 USD

2020-02-26 * "Metro Transport Authority" "Tram tickets"
  Liabilities:US:Chase:Slate                      -120.00 USD
  Expenses:Transport:Tram                          120.00 USD

2020-02-27 * "Chichipotle" "Eating out with Joe"
  Liabilities:US:Chase:Slate                       -26.98 USD
  Expenses:Food:Restaurant                          26.98 USD

2020-02-28 * "Rose Flower" "Eating out with Natasha"
  Liabilities:US:Chase:Slate                       -13.08 USD
  Expenses:Food:Restaurant                          13.08 USD

2020-02-29 * "Chichipotle" "Eating out "
  Liabilities:US:Chase:Slate                       -12.68 USD
  Expenses:Food:Restaurant                          12.68 USD

2020-03-05 * "Rose Flower" "Eating out with Julie"
  Liabilities:US:Chase:Slate                       -62.61 USD
  Expenses:Food:Restaurant                          62.61 USD

2020-03-07 * "China Garden" "Eating out with work buddies"
  Liabilities:US:Chase:Slate                       -36.08 USD
  Expenses:Food:Restaurant                          36.08 USD

2020-03-07 * "Chase:Slate" "Paying off credit card"
  Liabilities:US:Chase:Slate                       671.87 USD
  Assets:US:BofA:Checking                         -671.87 USD

2020-03-12 * "China Garden" "Eating out alone"
  Liabilities:US:Chase:Slate                       -43.63 USD
  Expenses:Food:Restaurant                          43.63 USD

2020-03-15 * "Good Moods Market" "Buying groceries"
  Liabilities:US:Chase:Slate                      -100.70 USD
  Expenses:Food:Groceries                          100.70 USD

2020-03-16 * "Cafe Modagor" "Eating out with Bill"
  Liabilities:US:Chase:Slate                       -23.95 USD
  Expenses:Food:Restaurant                          23.95 USD

2020-03-21 * "Rose Flower" "Eating out with Natasha"
  Liabilities:US:Chase:Slate                       -34.29 USD
  Expenses:Food:Restaurant                          34.29 USD

2020-03-24 * "Rose Flower" "Eating out with Natasha"
  Liabilities:US:Chase:Slate                       -33.54 USD
  Expenses:Food:Restaurant                          33.54 USD

2020-03-25 balance Liabilities:US:Chase:Slate     -236.11 USD

2020-03-26 * "Kin Soy" "Eating out with Joe"
  Liabilities:US:Chase:Slate                       -17.34 USD
  Expenses:Food:Restaurant                          17.34 USD

2020-03-29 * "Good Moods Market" "Buying groceries"
  Liabilities:US:Chase:Slate                       -74.04 USD
  Expenses:Food:Groceries                           74.04 USD

2020-03-29 * "Metro Transport Authority" "Tram tickets"
  Liabilities:US:Chase:Slate                      -120.00 USD
  Expenses:Transport:Tram                          120.00 USD

2020-03-30 * "Cafe Modagor" "Eating out with Bill"
  Liabilities:US:Chase:Slate                       -23.91 USD
  Expenses:Food:Restaurant                          23.91 USD

2020-04-03 * "Rose Flower" "Eating out with work buddies"
  Liabilities:US:Chase:Slate                       -37.08 USD
  Expenses:Food:Restaurant                          37.08 USD

2020-04-06 * "Cafe Modagor" "Eating out with Natasha"
  Liabilities:US:Chase:Slate                       -30.49 USD
  Expenses:Food:Restaurant                          30.49 USD

2020-04-07 * "Rose Flower" "Eating out with work buddies"
  Liabilities:US:Chase:Slate                       -30.89 USD
  Expenses:Food:Restaurant                          30.89 USD

2020-04-07 * "Good Moods Market" "Buying groceries"
  Liabilities:US:Chase:Slate                       -73.25 USD
  Expenses:Food:Groceries                           73.25 USD

2020-04-08 * "Kin Soy" "Eating out with work buddies"
  Liabilities:US:Chase:Slate                       -33.28 USD
  Expenses:Food:Restaurant                          33.28 USD

2020-04-10 * "Chase:Slate" "Paying off credit card"
  Liabilities:US:Chase:Slate                       702.63 USD
  Assets:US:BofA:Checking                         -702.63 USD

2020-04-12 * "Chichipotle" "Eating out "
  Liabilities:US:Chase:Slate                       -26.24 USD
  Expenses:Food:Restaurant                          26.24 USD

2020-04-14 * "Uncle Boons" "Eating out with Natasha"
  Liabilities:US:Chase:Slate                       -41.82 USD
  Expenses:Food:Restaurant                          41.82 USD

2020-04-15 balance Liabilities:US:Chase:Slate      -41.82 USD

2020-04-16 * "Uncle Boons" "Eating out with Julie"
  Liabilities:US:Chase:Slate                       -56.73 USD
  Expenses:Food:Restaurant                          56.73 USD

2020-04-18 * "Cafe Modagor" "Eating out with Bill"
  Liabilities:US:Chase:Slate                       -22.73 USD
  Expenses:Food:Restaurant                          22.73 USD

2020-04-23 * "Cafe Modagor" "Eating out with Julie"
  Liabilities:US:Chase:Slate                       -24.23 USD
  Expenses:Food:Restaurant                          24.23 USD

2020-04-24 * "Rose Flower" "Eating out with Julie"
  Liabilities:US:Chase:Slate                       -15.85 USD
  Expenses:Food:Restaurant                          15.85 USD

2020-04-25 * "Corner Deli" "Buying groceries"
  Liabilities:US:Chase:Slate                       -90.10 USD
  Expenses:Food:Groceries                           90.10 USD

2020-04-27 * "Metro Transport Authority" "Tram tickets"
  Liabilities:US:Chase:Slate                      -120.00 USD
  Expenses:Transport:Tram                          120.00 USD

2020-04-29 * "Jewel of Morroco" "Eating out with Julie"
  Liabilities:US:Chase:Slate                       -42.39 USD
  Expenses:Food:Restaurant                          42.39 USD

2020-04-30 * "Cafe Modagor" "Eating out with Julie"
  Liabilities:US:Chase:Slate                       -46.77 USD
  Expenses:Food:Restaurant                          46.77 USD

2020-05-03 * "Rose Flower" "Eating out after work"
  Liabilities:US:Chase:Slate                       -22.32 USD
  Expenses:Food:Restaurant                          22.32 USD

2020-05-03 * "Corner Deli" "Buying groceries"
  Liabilities:US:Chase:Slate                      -123.20 USD
  Expenses:Food:Groceries                          123.20 USD

2020-05-06 * "Uncle Boons" "Eating out with Bill"
  Liabilities:US:Chase:Slate                       -19.69 USD
  Expenses:Food:Restaurant                          19.69 USD

2020-05-08 * "Chase:Slate" "Paying off credit card"
  Liabilities:US:Chase:Slate                       682.62 USD
  Assets:US:BofA:Checking                         -682.62 USD

2020-05-09 * "Corner Deli" "Buying groceries"
  Liabilities:US:Chase:Slate                       -56.79 USD
  Expenses:Food:Groceries                           56.79 USD

2020-05-10 balance Liabilities:US:Chase:Slate           0 USD

2020-05-10 * "Kin Soy" "Eating out with Joe"
  Liabilities:US:Chase:Slate                       -20.03 USD
  Expenses:Food:Restaurant                          20.03 USD

2020-05-12 * "Rose Flower" "Eating out alone"
  Liabilities:US:Chase:Slate                       -18.26 USD
  Expenses:Food:Restaurant                          18.26 USD

2020-05-17 * "Jewel of Morroco" "Eating out with Julie"
  Liabilities:US:Chase:Slate                       -25.60 USD
  Expenses:Food:Restaurant                          25.60 USD

2020-05-20 * "Jewel of Morroco" "Eating out with work buddies"
  Liabilities:US:Chase:Slate                       -22.16 USD
  Expenses:Food:Restaurant                          22.16 USD

2020-05-23 * "Rose Flower" "Eating out with Joe"
  Liabilities:US:Chase:Slate                       -32.31 USD
  Expenses:Food:Restaurant                          32.31 USD

2020-05-23 * "Farmer Fresh" "Buying groceries"
  Liabilities:US:Chase:Slate                       -77.63 USD
  Expenses:Food:Groceries                           77.63 USD

2020-05-25 * "Metro Transport Authority" "Tram tickets"
  Liabilities:US:Chase:Slate                      -120.00 USD
  Expenses:Transport:Tram                          120.00 USD

2020-05-28 * "Uncle Boons" "Eating out with work buddies"
  Liabilities:US:Chase:Slate                       -26.11 USD
  Expenses:Food:Restaurant                          26.11 USD

2020-06-01 balance Liabilities:US:Chase:Slate     -342.10 USD

2020-06-02 * "Chichipotle" "Eating out alone"
  Liabilities:US:Chase:Slate                       -37.25 USD
  Expenses:Food:Restaurant                          37.25 USD

2020-06-02 * "Good Moods Market" "Buying groceries"
  Liabilities:US:Chase:Slate                       -52.95 USD
  Expenses:Food:Groceries                           52.95 USD

2020-06-03 * "Kin Soy" "Eating out "
  Liabilities:US:Chase:Slate                       -55.24 USD
  Expenses:Food:Restaurant                          55.24 USD

2020-06-07 * "Chichipotle" "Eating out with Natasha"
  Liabilities:US:Chase:Slate                       -15.27 USD
  Expenses:Food:Restaurant                          15.27 USD

2020-06-09 * "Chase:Slate" "Paying off credit card"
  Liabilities:US:Chase:Slate                       543.61 USD
  Assets:US:BofA:Checking                         -543.61 USD

2020-06-10 * "Rose Flower" "Eating out "
  Liabilities:US:Chase:Slate                       -40.80 USD
  Expenses:Food:Restaurant                          40.80 USD

2020-06-13 * "Cafe Modagor" "Eating out with Natasha"
  Liabilities:US:Chase:Slate                       -36.41 USD
  Expenses:Food:Restaurant                          36.41 USD

2020-06-16 * "Chichipotle" "Eating out with work buddies"
  Liabilities:US:Chase:Slate                       -27.36 USD
  Expenses:Food:Restaurant                          27.36 USD

2020-06-17 * "Onion Market" "Buying groceries"
  Liabilities:US:Chase:Slate                       -59.79 USD
  Expenses:Food:Groceries                           59.79 USD

2020-06-20 * "Cafe Modagor" "Eating out with Natasha"
  Liabilities:US:Chase:Slate                       -20.98 USD
  Expenses:Food:Restaurant                          20.98 USD

2020-06-21 balance Liabilities:US:Chase:Slate     -144.54 USD

2020-06-25 * "Chichipotle" "Eating out with Julie"
  Liabilities:US:Chase:Slate                       -27.93 USD
  Expenses:Food:Restaurant                          27.93 USD

2020-06-26 * "Metro Transport Authority" "Tram tickets"
  Liabilities:US:Chase:Slate                      -120.00 USD
  Expenses:Transport:Tram                          120.00 USD

2020-06-27 * "Onion Market" "Buying groceries"
  Liabilities:US:Chase:Slate                       -90.72 USD
  Expenses:Food:Groceries                           90.72 USD

2020-06-30 * "Rose Flower" "Eating out with Julie"
  Liabilities:US:Chase:Slate                       -28.90 USD
  Expenses:Food:Restaurant                          28.90 USD

2020-07-04 * "Rose Flower" "Eating out with Bill"
  Liabilities:US:Chase:Slate                       -34.91 USD
  Expenses:Food:Restaurant                          34.91 USD

2020-07-04 * "Corner Deli" "Buying groceries"
  Liabilities:US:Chase:Slate                       -78.18 USD
  Expenses:Food:Groceries                           78.18 USD

2020-07-09 * "Chichipotle" "Eating out alone"
  Liabilities:US:Chase:Slate                       -23.08 USD
  Expenses:Food:Restaurant                          23.08 USD

2020-07-10 * "Chase:Slate" "Paying off credit card"
  Liabilities:US:Chase:Slate                       578.77 USD
  Assets:US:BofA:Checking                         -578.77 USD

2020-07-11 * "China Garden" "Eating out with Bill"
  Liabilities:US:Chase:Slate                       -30.51 USD
  Expenses:Food:Restaurant                          30.51 USD

2020-07-14 * "Chichipotle" "Eating out "
  Liabilities:US:Chase:Slate                       -66.94 USD
  Expenses:Food:Restaurant                          66.94 USD

2020-07-18 * "Chichipotle" "Eating out "
  Liabilities:US:Chase:Slate                       -30.22 USD
  Expenses:Food:Restaurant                          30.22 USD

2020-07-19 balance Liabilities:US:Chase:Slate      -97.16 USD

2020-07-20 * "Kin Soy" "Eating out with Joe"
  Liabilities:US:Chase:Slate                       -14.12 USD
  Expenses:Food:Restaurant                          14.12 USD

2020-07-21 * "Corner Deli" "Buying groceries"
  Liabilities:US:Chase:Slate                       -75.22 USD
  Expenses:Food:Groceries                           75.22 USD

2020-07-25 * "Rose Flower" "Eating out with work buddies"
  Liabilities:US:Chase:Slate                       -65.88 USD
  Expenses:Food:Restaurant                          65.88 USD

2020-07-27 * "Chichipotle" "Eating out after work"
  Liabilities:US:Chase:Slate                       -31.67 USD
  Expenses:Food:Restaurant                          31.67 USD

2020-07-28 * "Metro Transport Authority" "Tram tickets"
  Liabilities:US:Chase:Slate                      -120.00 USD
  Expenses:Transport:Tram                          120.00 USD

2020-07-29 * "Cafe Modagor" "Eating out with work buddies"
  Liabilities:US:Chase:Slate                       -27.89 USD
  Expenses:Food:Restaurant                          27.89 USD

2020-08-02 * "Goba Goba" "Eating out with work buddies"
  Liabilities:US:Chase:Slate                       -31.42 USD
  Expenses:Food:Restaurant                          31.42 USD

2020-08-02 * "Good Moods Market" "Buying groceries"
  Liabilities:US:Chase:Slate                       -80.10 USD
  Expenses:Food:Groceries                           80.10 USD

2020-08-07 * "Jewel of Morroco" "Eating out after work"
  Liabilities:US:Chase:Slate                       -75.18 USD
  Expenses:Food:Restaurant                          75.18 USD

2020-08-09 * "Farmer Fresh" "Buying groceries"
  Liabilities:US:Chase:Slate                       -91.82 USD
  Expenses:Food:Groceries                           91.82 USD

2020-08-10 * "Rose Flower" "Eating out with Bill"
  Liabilities:US:Chase:Slate                       -28.94 USD
  Expenses:Food:Restaurant                          28.94 USD

2020-08-11 * "Chase:Slate" "Paying off credit card"
  Liabilities:US:Chase:Slate                       763.61 USD
  Assets:US:BofA:Checking                         -763.61 USD

2020-08-13 * "Chichipotle" "Eating out after work"
  Liabilities:US:Chase:Slate                       -24.21 USD
  Expenses:Food:Restaurant                          24.21 USD

2020-08-16 balance Liabilities:US:Chase:Slate           0 USD

2020-08-16 * "Farmer Fresh" "Buying groceries"
  Liabilities:US:Chase:Slate                       -89.48 USD
  Expenses:Food:Groceries                           89.48 USD

2020-08-17 * "Goba Goba" "Eating out alone"
  Liabilities:US:Chase:Slate                       -55.14 USD
  Expenses:Food:Restaurant                          55.14 USD

2020-08-18 * "Kin Soy" "Eating out alone"
  Liabilities:US:Chase:Slate                       -20.00 USD
  Expenses:Food:Restaurant                          20.00 USD

2020-08-23 * "Uncle Boons" "Eating out with Julie"
  Liabilities:US:Chase:Slate                       -18.94 USD
  Expenses:Food:Restaurant                          18.94 USD

2020-08-27 * "Jewel of Morroco" "Eating out "
  Liabilities:US:Chase:Slate                       -50.71 USD
  Expenses:Food:Restaurant                          50.71 USD

2020-08-29 * "Metro Transport Authority" "Tram tickets"
  Liabilities:US:Chase:Slate                      -120.00 USD
  Expenses:Transport:Tram                          120.00 USD

2020-09-01 * "Kin Soy" "Eating out with Natasha"
  Liabilities:US:Chase:Slate                       -39.35 USD
  Expenses:Food:Restaurant                          39.35 USD

2020-09-04 * "Farmer Fresh" "Buying groceries"
  Liabilities:US:Chase:Slate                       -65.46 USD
  Expenses:Food:Groceries                           65.46 USD

2020-09-05 * "Rose Flower" "Eating out "
  Liabilities:US:Chase:Slate                       -29.66 USD
  Expenses:Food:Restaurant                          29.66 USD

2020-09-08 * "Chase:Slate" "Paying off credit card"
  Liabilities:US:Chase:Slate                       591.39 USD
  Assets:US:BofA:Checking                         -591.39 USD

2020-09-09 * "Corner Deli" "Buying groceries"
  Liabilities:US:Chase:Slate                      -102.65 USD
  Expenses:Food:Groceries                          102.65 USD

2020-09-10 * "Goba Goba" "Eating out "
  Liabilities:US:Chase:Slate                       -34.72 USD
  Expenses:Food:Restaurant                          34.72 USD

2020-09-12 balance Liabilities:US:Chase:Slate      -34.72 USD

2020-09-15 * "Goba Goba" "Eating out after work"
  Liabilities:US:Chase:Slate                       -15.45 USD
  Expenses:Food:Restaurant                          15.45 USD

2020-09-17 * "Corner Deli" "Buying groceries"
  Liabilities:US:Chase:Slate                      -127.88 USD
  Expenses:Food:Groceries                          127.88 USD

2020-09-20 * "Rose Flower" "Eating out with Bill"
  Liabilities:US:Chase:Slate                       -37.54 USD
  Expenses:Food:Restaurant                          37.54 USD

2020-09-25 * "Uncle Boons" "Eating out with Natasha"
  Liabilities:US:Chase:Slate                       -46.98 USD
  Expenses:Food:Restaurant                          46.98 USD

2020-09-28 * "China Garden" "Eating out with Julie"
  Liabilities:US:Chase:Slate                       -55.40 USD
  Expenses:Food:Restaurant                          55.40 USD

2020-09-29 * "Metro Transport Authority" "Tram tickets"
  Liabilities:US:Chase:Slate                      -120.00 USD
  Expenses:Transport:Tram                          120.00 USD

2020-10-01 * "Onion Market" "Buying groceries"
  Liabilities:US:Chase:Slate                       -70.89 USD
  Expenses:Food:Groceries                           70.89 USD

2020-10-03 * "Jewel of Morroco" "Eating out with Natasha"
  Liabilities:US:Chase:Slate                       -30.93 USD
  Expenses:Food:Restaurant                          30.93 USD

2020-10-04 balance Liabilities:US:Chase:Slate     -539.79 USD

2020-10-05 * "Jewel of Morroco" "Eating out after work"
  Liabilities:US:Chase:Slate                       -50.57 USD
  Expenses:Food:Restaurant                          50.57 USD

2020-10-08 * "Rose Flower" "Eating out "
  Liabilities:US:Chase:Slate                       -45.13 USD
  Expenses:Food:Restaurant                          45.13 USD

2020-10-10 * "Farmer Fresh" "Buying groceries"
  Liabilities:US:Chase:Slate                       -75.08 USD
  Expenses:Food:Groceries                           75.08 USD

2020-10-11 * "Chase:Slate" "Paying off credit card"
  Liabilities:US:Chase:Slate                       736.65 USD
  Assets:US:BofA:Checking                         -736.65 USD

2020-10-12 * "Chichipotle" "Eating out with Julie"
  Liabilities:US:Chase:Slate                       -26.08 USD
  Expenses:Food:Restaurant                          26.08 USD

2020-10-16 * "Uncle Boons" "Eating out with work buddies"
  Liabilities:US:Chase:Slate                       -34.59 USD
  Expenses:Food:Restaurant                          34.59 USD

2020-10-20 * "Kin Soy" "Eating out with Joe"
  Liabilities:US:Chase:Slate                       -61.35 USD
  Expenses:Food:Restaurant                          61.35 USD

2020-10-22 * "Uncle Boons" "Eating out with Joe"
  Liabilities:US:Chase:Slate                       -20.72 USD
  Expenses:Food:Restaurant                          20.72 USD

2020-10-23 * "Good Moods Market" "Buying groceries"
  Liabilities:US:Chase:Slate                       -95.09 USD
  Expenses:Food:Groceries                           95.09 USD

2020-10-27 balance Liabilities:US:Chase:Slate     -211.75 USD

2020-10-27 * "Rose Flower" "Eating out "
  Liabilities:US:Chase:Slate                       -34.03 USD
  Expenses:Food:Restaurant                          34.03 USD

2020-10-28 * "Metro Transport Authority" "Tram tickets"
  Liabilities:US:Chase:Slate                      -120.00 USD
  Expenses:Transport:Tram                          120.00 USD

2020-10-30 * "Cafe Modagor" "Eating out with Joe"
  Liabilities:US:Chase:Slate                       -38.62 USD
  Expenses:Food:Restaurant                          38.62 USD

2020-10-31 * "Corner Deli" "Buying groceries"
  Liabilities:US:Chase:Slate                      -108.79 USD
  Expenses:Food:Groceries                          108.79 USD

2020-11-01 * "Goba Goba" "Eating out with Joe"
  Liabilities:US:Chase:Slate                       -34.07 USD
  Expenses:Food:Restaurant                          34.07 USD

2020-11-03 * "Kin Soy" "Eating out with work buddies"
  Liabilities:US:Chase:Slate                       -55.15 USD
  Expenses:Food:Restaurant                          55.15 USD

2020-11-06 * "Uncle Boons" "Eating out with Joe"
  Liabilities:US:Chase:Slate                       -51.73 USD
  Expenses:Food:Restaurant                          51.73 USD

2020-11-07 * "Chase:Slate" "Paying off credit card"
  Liabilities:US:Chase:Slate                       697.28 USD
  Assets:US:BofA:Checking                         -697.28 USD

2020-11-08 * "Jewel of Morroco" "Eating out with Joe"
  Liabilities:US:Chase:Slate                       -43.14 USD
  Expenses:Food:Restaurant                          43.14 USD

2020-11-09 * "Chichipotle" "Eating out with Joe"
  Liabilities:US:Chase:Slate                       -36.58 USD
  Expenses:Food:Restaurant                          36.58 USD

2020-11-09 * "Onion Market" "Buying groceries"
  Liabilities:US:Chase:Slate                       -73.79 USD
  Expenses:Food:Groceries                           73.79 USD

2020-11-12 * "Uncle Boons" "Eating out with Julie"
  Liabilities:US:Chase:Slate                       -23.21 USD
  Expenses:Food:Restaurant                          23.21 USD

2020-11-17 balance Liabilities:US:Chase:Slate     -133.58 USD

2020-11-17 * "China Garden" "Eating out with Julie"
  Liabilities:US:Chase:Slate                       -43.36 USD
  Expenses:Food:Restaurant                          43.36 USD

2020-11-22 * "Kin Soy" "Eating out alone"
  Liabilities:US:Chase:Slate                       -43.46 USD
  Expenses:Food:Restaurant                          43.46 USD

2020-11-23 event "location" "Boston"

2020-11-24 * "Legal Seafood" "" #trip-boston-2020
  Liabilities:US:Chase:Slate                       -40.15 USD
  Expenses:Food:Restaurant                          40.15 USD

2020-11-24 * "Starbucks" "" #trip-boston-2020
  Liabilities:US:Chase:Slate                        -6.52 USD
  Expenses:Food:Coffee                               6.52 USD

2020-11-28 * "Starbucks" "" #trip-boston-2020
  Liabilities:US:Chase:Slate                        -4.86 USD
  Expenses:Food:Coffee                               4.86 USD

2020-11-29 * "Starbucks" "" #trip-boston-2020
  Liabilities:US:Chase:Slate                        -5.70 USD
  Expenses:Food:Coffee                               5.70 USD

2020-11-30 * "Giacomo's Restaurant" "" #trip-boston-2020
  Liabilities:US:Chase:Slate                       -44.68 USD
  Expenses:Food:Restaurant                          44.68 USD

2020-11-30 * "Starbucks" "" #trip-boston-2020
  Liabilities:US:Chase:Slate                        -6.91 USD
  Expenses:Food:Coffee                               6.91 USD

2020-12-01 * "Starbucks" "" #trip-boston-2020
  Liabilities:US:Chase:Slate                        -6.48 USD
  Expenses:Food:Coffee                               6.48 USD

2020-12-04 * "Legal Seafood" "" #trip-boston-2020
  Liabilities:US:Chase:Slate                       -24.25 USD
  Expenses:Food:Restaurant                          24.25 USD

2020-12-05 * "Legal Seafood" "" #trip-boston-2020
  Liabilities:US:Chase:Slate                       -30.99 USD
  Expenses:Food:Restaurant                          30.99 USD

2020-12-06 * "Giacomo's Restaurant" "" #trip-boston-2020
  Liabilities:US:Chase:Slate                       -38.83 USD
  Expenses:Food:Restaurant                          38.83 USD

2020-12-06 * "Legal Seafood" "" #trip-boston-2020
  Liabilities:US:Chase:Slate                       -32.74 USD
  Expenses:Food:Restaurant                          32.74 USD

2020-12-07 * "Starbucks" "" #trip-boston-2020
  Liabilities:US:Chase:Slate                        -6.04 USD
  Expenses:Food:Coffee                               6.04 USD

2020-12-08 balance Liabilities:US:Chase:Slate     -468.55 USD

2020-12-08 * "Starbucks" "" #trip-boston-2020
  Liabilities:US:Chase:Slate                        -6.47 USD
  Expenses:Food:Coffee                               6.47 USD

2020-12-09 * "Giacomo's Restaurant" "" #trip-boston-2020
  Liabilities:US:Chase:Slate                       -39.61 USD
  Expenses:Food:Restaurant                          39.61 USD

2020-12-09 * "Franklin Cafe" "" #trip-boston-2020
  Liabilities:US:Chase:Slate                       -29.13 USD
  Expenses:Food:Restaurant                          29.13 USD

2020-12-09 * "Consume vacation days"
  Assets:US:Hooli:Vacation                           -128 VACHR
  Expenses:Vacation                                   128 VACHR

2020-12-09 event "location" "New Metropolis"

2020-12-11 * "Jewel of Morroco" "Eating out with Joe"
  Liabilities:US:Chase:Slate                       -40.26 USD
  Expenses:Food:Restaurant                          40.26 USD

2020-12-11 * "Chase:Slate" "Paying off credit card"
  Liabilities:US:Chase:Slate                       260.66 USD
  Assets:US:BofA:Checking                         -260.66 USD

2020-12-12 * "Rose Flower" "Eating out with Bill"
  Liabilities:US:Chase:Slate                       -44.67 USD
  Expenses:Food:Restaurant                          44.67 USD

2020-12-15 * "Jewel of Morroco" "Eating out "
  Liabilities:US:Chase:Slate                       -23.88 USD
  Expenses:Food:Restaurant                          23.88 USD

2020-12-16 * "Uncle Boons" "Eating out with work buddies"
  Liabilities:US:Chase:Slate                       -18.87 USD
  Expenses:Food:Restaurant                          18.87 USD

2020-12-16 * "Corner Deli" "Buying groceries"
  Liabilities:US:Chase:Slate                       -83.66 USD
  Expenses:Food:Groceries                           83.66 USD

2020-12-21 * "Chichipotle" "Eating out with Natasha"
  Liabilities:US:Chase:Slate                       -30.81 USD
  Expenses:Food:Restaurant                          30.81 USD

2020-12-21 * "Onion Market" "Buying groceries"
  Liabilities:US:Chase:Slate                       -96.17 USD
  Expenses:Food:Groceries                           96.17 USD

2020-12-24 * "Jewel of Morroco" "Eating out with Natasha"
  Liabilities:US:Chase:Slate                       -16.48 USD
  Expenses:Food:Restaurant                          16.48 USD

2020-12-26 * "China Garden" "Eating out with Joe"
  Liabilities:US:Chase:Slate                       -23.10 USD
  Expenses:Food:Restaurant                          23.10 USD

2020-12-26 * "Metro Transport Authority" "Tram tickets"
  Liabilities:US:Chase:Slate                      -120.00 USD
  Expenses:Transport:Tram                          120.00 USD

2020-12-29 balance Liabilities:US:Chase:Slate     -781.00 USD

2020-12-29 * "Jewel of Morroco" "Eating out with work buddies"
  Liabilities:US:Chase:Slate                       -58.11 USD
  Expenses:Food:Restaurant                          58.11 USD

2021-01-02 * "Uncle Boons" "Eating out with work buddies"
  Liabilities:US:Chase:Slate                       -52.49 USD
  Expenses:Food:Restaurant                          52.49 USD

2021-01-04 * "Goba Goba" "Eating out with Bill"
  Liabilities:US:Chase:Slate                       -21.60 USD
  Expenses:Food:Restaurant                          21.60 USD

2021-01-05 * "Corner Deli" "Buying groceries"
  Liabilities:US:Chase:Slate                      -115.76 USD
  Expenses:Food:Groceries                          115.76 USD

2021-01-06 * "Kin Soy" "Eating out "
  Liabilities:US:Chase:Slate                       -31.54 USD
  Expenses:Food:Restaurant                          31.54 USD

2021-01-07 * "Chase:Slate" "Paying off credit card"
  Liabilities:US:Chase:Slate                       761.49 USD
  Assets:US:BofA:Checking                         -761.49 USD

2021-01-11 * "Goba Goba" "Eating out with Natasha"
  Liabilities:US:Chase:Slate                       -24.35 USD
  Expenses:Food:Restaurant                          24.35 USD

2021-01-13 * "Rose Flower" "Eating out "
  Liabilities:US:Chase:Slate                       -26.84 USD
  Expenses:Food:Restaurant                          26.84 USD

2021-01-17 * "Onion Market" "Buying groceries"
  Liabilities:US:Chase:Slate                       -78.66 USD
  Expenses:Food:Groceries                           78.66 USD

2021-01-18 balance Liabilities:US:Chase:Slate     -428.86 USD

2021-01-18 * "China Garden" "Eating out with work buddies"
  Liabilities:US:Chase:Slate                       -29.55 USD
  Expenses:Food:Restaurant                          29.55 USD

2021-01-21 * "Chichipotle" "Eating out with Natasha"
  Liabilities:US:Chase:Slate                       -26.64 USD
  Expenses:Food:Restaurant                          26.64 USD

2021-01-24 * "China Garden" "Eating out "
  Liabilities:US:Chase:Slate                       -29.52 USD
  Expenses:Food:Restaurant                          29.52 USD

2021-01-24 * "Metro Transport Authority" "Tram tickets"
  Liabilities:US:Chase:Slate                      -120.00 USD
  Expenses:Transport:Tram                          120.00 USD

2021-01-27 * "Rose Flower" "Eating out "
  Liabilities:US:Chase:Slate                       -19.07 USD
  Expenses:Food:Restaurant                          19.07 USD

2021-01-30 * "China Garden" "Eating out with Natasha"
  Liabilities:US:Chase:Slate                       -57.24 USD
  Expenses:Food:Restaurant                          57.24 USD

2021-02-03 * "Onion Market" "Buying groceries"
  Liabilities:US:Chase:Slate                       -65.96 USD
  Expenses:Food:Groceries                           65.96 USD

2021-02-04 * "China Garden" "Eating out alone"
  Liabilities:US:Chase:Slate                       -27.86 USD
  Expenses:Food:Restaurant                          27.86 USD

2021-02-07 * "Chase:Slate" "Paying off credit card"
  Liabilities:US:Chase:Slate                       497.08 USD
  Assets:US:BofA:Checking                         -497.08 USD

2021-02-08 * "Chichipotle" "Eating out "
  Liabilities:US:Chase:Slate                       -15.74 USD
  Expenses:Food:Restaurant                          15.74 USD

2021-02-13 balance Liabilities:US:Chase:Slate     -323.36 USD

2021-02-13 * "Jewel of Morroco" "Eating out alone"
  Liabilities:US:Chase:Slate                       -16.04 USD
  Expenses:Food:Restaurant                          16.04 USD

2021-02-17 * "Uncle Boons" "Eating out "
  Liabilities:US:Chase:Slate                       -36.12 USD
  Expenses:Food:Restaurant                          36.12 USD

2021-02-20 * "Metro Transport Authority" "Tram tickets"
  Liabilities:US:Chase:Slate                      -120.00 USD
  Expenses:Transport:Tram                          120.00 USD

2021-02-22 * "Cafe Modagor" "Eating out after work"
  Liabilities:US:Chase:Slate                       -38.06 USD
  Expenses:Food:Restaurant                          38.06 USD

2021-02-23 * "Good Moods Market" "Buying groceries"
  Liabilities:US:Chase:Slate                       -77.94 USD
  Expenses:Food:Groceries                           77.94 USD

2021-02-27 * "China Garden" "Eating out after work"
  Liabilities:US:Chase:Slate                       -36.96 USD
  Expenses:Food:Restaurant                          36.96 USD

2021-03-01 * "Chichipotle" "Eating out with Joe"
  Liabilities:US:Chase:Slate                       -26.52 USD
  Expenses:Food:Restaurant                          26.52 USD

2021-03-03 * "Kin Soy" "Eating out with Joe"
  Liabilities:US:Chase:Slate                       -25.99 USD
  Expenses:Food:Restaurant                          25.99 USD

2021-03-05 * "Chichipotle" "Eating out after work"
  Liabilities:US:Chase:Slate                       -32.98 USD
  Expenses:Food:Restaurant                          32.98 USD

2021-03-07 * "Chase:Slate" "Paying off credit card"
  Liabilities:US:Chase:Slate                       429.05 USD
  Assets:US:BofA:Checking                         -429.05 USD

2021-03-10 * "Jewel of Morroco" "Eating out with Julie"
  Liabilities:US:Chase:Slate                       -18.44 USD
  Expenses:Food:Restaurant                          18.44 USD

2021-03-11 balance Liabilities:US:Chase:Slate     -323.36 USD

2021-03-15 * "Rose Flower" "Eating out after work"
  Liabilities:US:Chase:Slate                       -15.33 USD
  Expenses:Food:Restaurant                          15.33 USD

2021-03-15 * "Good Moods Market" "Buying groceries"
  Liabilities:US:Chase:Slate                       -89.26 USD
  Expenses:Food:Groceries                           89.26 USD

2021-03-18 * "Rose Flower" "Eating out with Natasha"
  Liabilities:US:Chase:Slate                       -25.06 USD
  Expenses:Food:Restaurant                          25.06 USD

2021-03-22 * "Rose Flower" "Eating out alone"
  Liabilities:US:Chase:Slate                       -62.42 USD
  Expenses:Food:Restaurant                          62.42 USD

2021-03-25 * "Metro Transport Authority" "Tram tickets"
  Liabilities:US:Chase:Slate                      -120.00 USD
  Expenses:Transport:Tram                          120.00 USD

2021-03-26 * "Kin Soy" "Eating out with Joe"
  Liabilities:US:Chase:Slate                       -19.64 USD
  Expenses:Food:Restaurant                          19.64 USD

2021-03-28 * "Kin Soy" "Eating out after work"
  Liabilities:US:Chase:Slate                       -15.34 USD
  Expenses:Food:Restaurant                          15.34 USD

2021-03-30 * "China Garden" "Eating out with Bill"
  Liabilities:US:Chase:Slate                       -27.64 USD
  Expenses:Food:Restaurant                          27.64 USD

2021-04-02 * "Jewel of Morroco" "Eating out with Bill"
  Liabilities:US:Chase:Slate                       -42.66 USD
  Expenses:Food:Restaurant                          42.66 USD

2021-04-03 * "Good Moods Market" "Buying groceries"
  Liabilities:US:Chase:Slate                       -67.90 USD
  Expenses:Food:Groceries                           67.90 USD

2021-04-05 * "Chichipotle" "Eating out with work buddies"
  Liabilities:US:Chase:Slate                       -15.97 USD
  Expenses:Food:Restaurant                          15.97 USD

2021-04-07 balance Liabilities:US:Chase:Slate     -824.58 USD

2021-04-07 * "China Garden" "Eating out with Joe"
  Liabilities:US:Chase:Slate                       -48.22 USD
  Expenses:Food:Restaurant                          48.22 USD

2021-04-09 * "Good Moods Market" "Buying groceries"
  Liabilities:US:Chase:Slate                      -108.61 USD
  Expenses:Food:Groceries                          108.61 USD

2021-04-09 * "Chase:Slate" "Paying off credit card"
  Liabilities:US:Chase:Slate                       658.05 USD
  Assets:US:BofA:Checking                         -658.05 USD

2021-04-11 * "Uncle Boons" "Eating out "
  Liabilities:US:Chase:Slate                       -60.97 USD
  Expenses:Food:Restaurant                          60.97 USD

2021-04-13 * "Uncle Boons" "Eating out with Julie"
  Liabilities:US:Chase:Slate                       -41.03 USD
  Expenses:Food:Restaurant                          41.03 USD

2021-04-14 * "Corner Deli" "Buying groceries"
  Liabilities:US:Chase:Slate                       -43.33 USD
  Expenses:Food:Groceries                           43.33 USD

2021-04-16 * "Jewel of Morroco" "Eating out alone"
  Liabilities:US:Chase:Slate                       -18.51 USD
  Expenses:Food:Restaurant                          18.51 USD

2021-04-17 * "Cafe Modagor" "Eating out with work buddies"
  Liabilities:US:Chase:Slate                       -24.50 USD
  Expenses:Food:Restaurant                          24.50 USD

2021-04-20 * "Goba Goba" "Eating out with Julie"
  Liabilities:US:Chase:Slate                       -16.10 USD
  Expenses:Food:Restaurant                          16.10 USD

2021-04-23 * "China Garden" "Eating out with Natasha"
  Liabilities:US:Chase:Slate                       -28.35 USD
  Expenses:Food:Restaurant                          28.35 USD

2021-04-25 * "Uncle Boons" "Eating out "
  Liabilities:US:Chase:Slate                       -34.72 USD
  Expenses:Food:Restaurant                          34.72 USD

2021-04-27 * "Metro Transport Authority" "Tram tickets"
  Liabilities:US:Chase:Slate                      -120.00 USD
  Expenses:Transport:Tram                          120.00 USD

2021-04-28 * "Kin Soy" "Eating out with Natasha"
  Liabilities:US:Chase:Slate                       -24.88 USD
  Expenses:Food:Restaurant                          24.88 USD

2021-04-29 * "Farmer Fresh" "Buying groceries"
  Liabilities:US:Chase:Slate                       -81.27 USD
  Expenses:Food:Groceries                           81.27 USD

2021-04-30 balance Liabilities:US:Chase:Slate     -817.02 USD

2021-05-02 * "China Garden" "Eating out "
  Liabilities:US:Chase:Slate                       -40.21 USD
  Expenses:Food:Restaurant                          40.21 USD

2021-05-03 * "Uncle Boons" "Eating out with work buddies"
  Liabilities:US:Chase:Slate                       -25.81 USD
  Expenses:Food:Restaurant                          25.81 USD

2021-05-04 * "China Garden" "Eating out "
  Liabilities:US:Chase:Slate                       -22.39 USD
  Expenses:Food:Restaurant                          22.39 USD

2021-05-05 * "Chichipotle" "Eating out "
  Liabilities:US:Chase:Slate                       -27.76 USD
  Expenses:Food:Restaurant                          27.76 USD

2021-05-09 * "Chase:Slate" "Paying off credit card"
  Liabilities:US:Chase:Slate                       624.09 USD
  Assets:US:BofA:Checking                         -624.09 USD

2021-05-10 * "Rose Flower" "Eating out after work"
  Liabilities:US:Chase:Slate                       -14.26 USD
  Expenses:Food:Restaurant                          14.26 USD

2021-05-13 * "Onion Market" "Buying groceries"
  Liabilities:US:Chase:Slate                      -117.57 USD
  Expenses:Food:Groceries                          117.57 USD

2021-05-14 * "Rose Flower" "Eating out after work"
  Liabilities:US:Chase:Slate                       -24.79 USD
  Expenses:Food:Restaurant                          24.79 USD

2021-05-16 * "Chichipotle" "Eating out "
  Liabilities:US:Chase:Slate                       -14.48 USD
  Expenses:Food:Restaurant                          14.48 USD

2021-05-19 * "Chichipotle" "Eating out alone"
  Liabilities:US:Chase:Slate                       -29.95 USD
  Expenses:Food:Restaurant                          29.95 USD

2021-05-21 balance Liabilities:US:Chase:Slate     -510.15 USD

2021-05-21 * "Chichipotle" "Eating out with Natasha"
  Liabilities:US:Chase:Slate                       -82.03 USD
  Expenses:Food:Restaurant                          82.03 USD

2021-05-22 * "Cafe Modagor" "Eating out with Bill"
  Liabilities:US:Chase:Slate                       -37.58 USD
  Expenses:Food:Restaurant                          37.58 USD

2021-05-25 * "Rose Flower" "Eating out "
  Liabilities:US:Chase:Slate                       -18.75 USD
  Expenses:Food:Restaurant                          18.75 USD

2021-05-25 * "Farmer Fresh" "Buying groceries"
  Liabilities:US:Chase:Slate                       -66.71 USD
  Expenses:Food:Groceries                           66.71 USD

2021-05-27 * "Metro Transport Authority" "Tram tickets"
  Liabilities:US:Chase:Slate                      -120.00 USD
  Expenses:Transport:Tram                          120.00 USD

2021-05-29 * "Kin Soy" "Eating out after work"
  Liabilities:US:Chase:Slate                       -18.99 USD
  Expenses:Food:Restaurant                          18.99 USD

2021-05-31 * "China Garden" "Eating out after work"
  Liabilities:US:Chase:Slate                       -26.43 USD
  Expenses:Food:Restaurant                          26.43 USD

2021-06-01 * "Chichipotle" "Eating out "
  Liabilities:US:Chase:Slate                       -38.61 USD
  Expenses:Food:Restaurant                          38.61 USD

2021-06-02 * "Cafe Modagor" "Eating out with Joe"
  Liabilities:US:Chase:Slate                       -24.74 USD
  Expenses:Food:Restaurant                          24.74 USD

2021-06-05 * "Chichipotle" "Eating out with Natasha"
  Liabilities:US:Chase:Slate                       -67.29 USD
  Expenses:Food:Restaurant                          67.29 USD

2021-06-06 * "Chichipotle" "Eating out after work"
  Liabilities:US:Chase:Slate                       -73.32 USD
  Expenses:Food:Restaurant                          73.32 USD

2021-06-07 * "Corner Deli" "Buying groceries"
  Liabilities:US:Chase:Slate                       -60.30 USD
  Expenses:Food:Groceries                           60.30 USD

2021-06-08 * "China Garden" "Eating out with Bill"
  Liabilities:US:Chase:Slate                       -54.82 USD
  Expenses:Food:Restaurant                          54.82 USD

2021-06-09 * "Goba Goba" "Eating out with Julie"
  Liabilities:US:Chase:Slate                       -44.99 USD
  Expenses:Food:Restaurant                          44.99 USD

2021-06-09 * "Chase:Slate" "Paying off credit card"
  Liabilities:US:Chase:Slate                       921.35 USD
  Assets:US:BofA:Checking                         -921.35 USD

2021-06-11 * "Goba Goba" "Eating out with work buddies"
  Liabilities:US:Chase:Slate                       -30.30 USD
  Expenses:Food:Restaurant                          30.30 USD

2021-06-13 * "Goba Goba" "Eating out after work"
  Liabilities:US:Chase:Slate                       -29.15 USD
  Expenses:Food:Restaurant                          29.15 USD

2021-06-17 balance Liabilities:US:Chase:Slate     -382.81 USD

2021-06-18 * "Kin Soy" "Eating out with Bill"
  Liabilities:US:Chase:Slate                       -11.37 USD
  Expenses:Food:Restaurant                          11.37 USD

2021-06-20 * "Good Moods Market" "Buying groceries"
  Liabilities:US:Chase:Slate                       -84.11 USD
  Expenses:Food:Groceries                           84.11 USD

2021-06-23 * "Kin Soy" "Eating out "
  Liabilities:US:Chase:Slate                       -30.57 USD
  Expenses:Food:Restaurant                          30.57 USD

2021-06-23 * "Metro Transport Authority" "Tram tickets"
  Liabilities:US:Chase:Slate                      -120.00 USD
  Expenses:Transport:Tram                          120.00 USD

2021-06-27 * "Jewel of Morroco" "Eating out "
  Liabilities:US:Chase:Slate                       -43.11 USD
  Expenses:Food:Restaurant                          43.11 USD

2021-07-02 * "Uncle Boons" "Eating out with Bill"
  Liabilities:US:Chase:Slate                       -22.73 USD
  Expenses:Food:Restaurant                          22.73 USD

2021-07-03 * "Corner Deli" "Buying groceries"
  Liabilities:US:Chase:Slate                       -47.83 USD
  Expenses:Food:Groceries                           47.83 USD

2021-07-07 * "Cafe Modagor" "Eating out with Natasha"
  Liabilities:US:Chase:Slate                       -13.08 USD
  Expenses:Food:Restaurant                          13.08 USD

2021-07-08 * "Chichipotle" "Eating out with Joe"
  Liabilities:US:Chase:Slate                       -45.56 USD
  Expenses:Food:Restaurant                          45.56 USD

2021-07-08 * "Chase:Slate" "Paying off credit card"
  Liabilities:US:Chase:Slate                       477.81 USD
  Assets:US:BofA:Checking                         -477.81 USD

2021-07-12 * "China Garden" "Eating out alone"
  Liabilities:US:Chase:Slate                       -39.72 USD
  Expenses:Food:Restaurant                          39.72 USD

2021-07-13 * "Uncle Boons" "Eating out with Natasha"
  Liabilities:US:Chase:Slate                       -42.33 USD
  Expenses:Food:Restaurant                          42.33 USD

2021-07-16 balance Liabilities:US:Chase:Slate     -405.41 USD

2021-07-18 * "Kin Soy" "Eating out with Natasha"
  Liabilities:US:Chase:Slate                       -27.10 USD
  Expenses:Food:Restaurant                          27.10 USD

2021-07-20 * "Chichipotle" "Eating out with Natasha"
  Liabilities:US:Chase:Slate                       -28.70 USD
  Expenses:Food:Restaurant                          28.70 USD

2021-07-23 * "Corner Deli" "Buying groceries"
  Liabilities:US:Chase:Slate                       -64.83 USD
  Expenses:Food:Groceries                           64.83 USD

2021-07-23 * "Metro Transport Authority" "Tram tickets"
  Liabilities:US:Chase:Slate                      -120.00 USD
  Expenses:Transport:Tram                          120.00 USD

2021-07-24 * "Rose Flower" "Eating out alone"
  Liabilities:US:Chase:Slate                       -33.67 USD
  Expenses:Food:Restaurant                          33.67 USD

2021-07-27 * "Chichipotle" "Eating out with work buddies"
  Liabilities:US:Chase:Slate                       -33.42 USD
  Expenses:Food:Restaurant                          33.42 USD

2021-07-31 * "Rose Flower" "Eating out with Julie"
  Liabilities:US:Chase:Slate                       -23.02 USD
  Expenses:Food:Restaurant                          23.02 USD

2021-08-02 * "Corner Deli" "Buying groceries"
  Liabilities:US:Chase:Slate                       -72.88 USD
  Expenses:Food:Groceries                           72.88 USD

2021-08-05 * "Chichipotle" "Eating out after work"
  Liabilities:US:Chase:Slate                       -37.41 USD
  Expenses:Food:Restaurant                          37.41 USD

2021-08-07 * "Corner Deli" "Buying groceries"
  Liabilities:US:Chase:Slate                       -99.53 USD
  Expenses:Food:Groceries                           99.53 USD

2021-08-08 * "Jewel of Morroco" "Eating out alone"
  Liabilities:US:Chase:Slate                       -22.10 USD
  Expenses:Food:Restaurant                          22.10 USD

2021-08-10 * "Chase:Slate" "Paying off credit card"
  Liabilities:US:Chase:Slate                       664.46 USD
  Assets:US:BofA:Checking                         -664.46 USD

2021-08-11 balance Liabilities:US:Chase:Slate     -303.61 USD

2021-08-11 event "location" "Boston"

2021-08-12 * "Giacomo's Restaurant" "" #trip-boston-2021
  Liabilities:US:Chase:Slate                       -39.24 USD
  Expenses:Food:Restaurant                          39.24 USD

2021-08-12 * "Starbucks" "" #trip-boston-2021
  Liabilities:US:Chase:Slate                        -6.46 USD
  Expenses:Food:Coffee                               6.46 USD

2021-08-13 * "Franklin Cafe" "" #trip-boston-2021
  Liabilities:US:Chase:Slate                       -32.23 USD
  Expenses:Food:Restaurant                          32.23 USD

2021-08-14 * "Franklin Cafe" "" #trip-boston-2021
  Liabilities:US:Chase:Slate                       -32.84 USD
  Expenses:Food:Restaurant                          32.84 USD

2021-08-16 * "Franklin Cafe" "" #trip-boston-2021
  Liabilities:US:Chase:Slate                       -36.69 USD
  Expenses:Food:Restaurant                          36.69 USD

2021-08-17 * "Franklin Cafe" "" #trip-boston-2021
  Liabilities:US:Chase:Slate                       -32.34 USD
  Expenses:Food:Restaurant                          32.34 USD

2021-08-19 * "Legal Seafood" "" #trip-boston-2021
  Liabilities:US:Chase:Slate                       -32.88 USD
  Expenses:Food:Restaurant                          32.88 USD

2021-08-20 * "Giacomo's Restaurant" "" #trip-boston-2021
  Liabilities:US:Chase:Slate                       -44.48 USD
  Expenses:Food:Restaurant                          44.48 USD

2021-08-20 * "Legal Seafood" "" #trip-boston-2021
  Liabilities:US:Chase:Slate                       -35.23 USD
  Expenses:Food:Restaurant                          35.23 USD

2021-08-21 * "Legal Seafood" "" #trip-boston-2021
  Liabilities:US:Chase:Slate                       -40.79 USD
  Expenses:Food:Restaurant                          40.79 USD

2021-08-24 * "Starbucks" "" #trip-boston-2021
  Liabilities:US:Chase:Slate                        -5.24 USD
  Expenses:Food:Coffee                               5.24 USD

2021-08-25 * "Franklin Cafe" "" #trip-boston-2021
  Liabilities:US:Chase:Slate                       -24.07 USD
  Expenses:Food:Restaurant                          24.07 USD

2021-08-25 * "Starbucks" "" #trip-boston-2021
  Liabilities:US:Chase:Slate                        -6.02 USD
  Expenses:Food:Coffee                               6.02 USD

2021-08-26 * "Starbucks" "" #trip-boston-2021
  Liabilities:US:Chase:Slate                        -6.32 USD
  Expenses:Food:Coffee                               6.32 USD

2021-08-27 * "Franklin Cafe" "" #trip-boston-2021
  Liabilities:US:Chase:Slate                       -33.68 USD
  Expenses:Food:Restaurant                          33.68 USD

2021-08-27 * "Starbucks" "" #trip-boston-2021
  Liabilities:US:Chase:Slate                        -6.36 USD
  Expenses:Food:Coffee                               6.36 USD

2021-08-30 * "Giacomo's Restaurant" "" #trip-boston-2021
  Liabilities:US:Chase:Slate                       -39.07 USD
  Expenses:Food:Restaurant                          39.07 USD

2021-08-30 * "Starbucks" "" #trip-boston-2021
  Liabilities:US:Chase:Slate                        -6.17 USD
  Expenses:Food:Coffee                               6.17 USD

2021-09-01 * "Goba Goba" "Eating out after work"
  Liabilities:US:Chase:Slate                       -19.75 USD
  Expenses:Food:Restaurant                          19.75 USD

2021-09-01 * "Franklin Cafe" "" #trip-boston-2021
  Liabilities:US:Chase:Slate                       -32.48 USD
  Expenses:Food:Restaurant                          32.48 USD

2021-09-01 * "Consume vacation days"
  Assets:US:Hooli:Vacation                           -168 VACHR
  Expenses:Vacation                                   168 VACHR

2021-09-01 event "location" "New Metropolis"

2021-09-03 * "China Garden" "Eating out with Bill"
  Liabilities:US:Chase:Slate                       -52.27 USD
  Expenses:Food:Restaurant                          52.27 USD

2021-09-07 * "Kin Soy" "Eating out after work"
  Liabilities:US:Chase:Slate                       -32.63 USD
  Expenses:Food:Restaurant                          32.63 USD

2021-09-07 * "Chase:Slate" "Paying off credit card"
  Liabilities:US:Chase:Slate                        84.90 USD
  Assets:US:BofA:Checking                          -84.90 USD

2021-09-10 balance Liabilities:US:Chase:Slate     -815.95 USD

2021-09-10 * "Cafe Modagor" "Eating out "
  Liabilities:US:Chase:Slate                       -28.65 USD
  Expenses:Food:Restaurant                          28.65 USD

2021-09-11 * "Farmer Fresh" "Buying groceries"
  Liabilities:US:Chase:Slate                       -53.43 USD
  Expenses:Food:Groceries                           53.43 USD

2021-09-12 * "Kin Soy" "Eating out with work buddies"
  Liabilities:US:Chase:Slate                       -20.46 USD
  Expenses:Food:Restaurant                          20.46 USD

2021-09-16 * "Jewel of Morroco" "Eating out with Joe"
  Liabilities:US:Chase:Slate                       -21.27 USD
  Expenses:Food:Restaurant                          21.27 USD

2021-09-19 * "Cafe Modagor" "Eating out with Joe"
  Liabilities:US:Chase:Slate                       -27.34 USD
  Expenses:Food:Restaurant                          27.34 USD

2021-09-22 * "Farmer Fresh" "Buying groceries"
  Liabilities:US:Chase:Slate                      -102.62 USD
  Expenses:Food:Groceries                          102.62 USD

2021-09-24 * "Chichipotle" "Eating out "
  Liabilities:US:Chase:Slate                       -39.38 USD
  Expenses:Food:Restaurant                          39.38 USD

2021-09-24 * "Metro Transport Authority" "Tram tickets"
  Liabilities:US:Chase:Slate                      -120.00 USD
  Expenses:Transport:Tram                          120.00 USD

2021-09-28 * "Uncle Boons" "Eating out with Joe"
  Liabilities:US:Chase:Slate                       -21.69 USD
  Expenses:Food:Restaurant                          21.69 USD

2021-10-03 balance Liabilities:US:Chase:Slate    -1250.79 USD

2021-10-03 * "Rose Flower" "Eating out with Bill"
  Liabilities:US:Chase:Slate                       -28.81 USD
  Expenses:Food:Restaurant                          28.81 USD

2021-10-06 * "Kin Soy" "Eating out "
  Liabilities:US:Chase:Slate                       -28.84 USD
  Expenses:Food:Restaurant                          28.84 USD

2021-10-07 * "Jewel of Morroco" "Eating out with Bill"
  Liabilities:US:Chase:Slate                       -36.60 USD
  Expenses:Food:Restaurant                          36.60 USD

2021-10-08 * "Chichipotle" "Eating out with work buddies"
  Liabilities:US:Chase:Slate                       -27.71 USD
  Expenses:Food:Restaurant                          27.71 USD

2021-10-10 * "China Garden" "Eating out with work buddies"
  Liabilities:US:Chase:Slate                       -29.82 USD
  Expenses:Food:Restaurant                          29.82 USD

2021-10-10 * "Farmer Fresh" "Buying groceries"
  Liabilities:US:Chase:Slate                       -79.92 USD
  Expenses:Food:Groceries                           79.92 USD

2021-10-11 * "Chase:Slate" "Paying off credit card"
  Liabilities:US:Chase:Slate                       704.63 USD
  Assets:US:BofA:Checking                         -704.63 USD

2021-10-12 * "Kin Soy" "Eating out after work"
  Liabilities:US:Chase:Slate                       -38.09 USD
  Expenses:Food:Restaurant                          38.09 USD

2021-10-16 * "Kin Soy" "Eating out alone"
  Liabilities:US:Chase:Slate                       -35.15 USD
  Expenses:Food:Restaurant                          35.15 USD

2021-10-20 * "Cafe Modagor" "Eating out with Natasha"
  Liabilities:US:Chase:Slate                       -67.66 USD
  Expenses:Food:Restaurant                          67.66 USD

2021-10-24 * "Chichipotle" "Eating out alone"
  Liabilities:US:Chase:Slate                       -14.52 USD
  Expenses:Food:Restaurant                          14.52 USD

2021-10-26 * "Rose Flower" "Eating out after work"
  Liabilities:US:Chase:Slate                       -31.89 USD
  Expenses:Food:Restaurant                          31.89 USD

2021-10-26 * "Onion Market" "Buying groceries"
  Liabilities:US:Chase:Slate                       -77.29 USD
  Expenses:Food:Groceries                           77.29 USD

2021-10-26 * "Metro Transport Authority" "Tram tickets"
  Liabilities:US:Chase:Slate                      -120.00 USD
  Expenses:Transport:Tram                          120.00 USD

2021-10-28 * "Kin Soy" "Eating out with Natasha"
  Liabilities:US:Chase:Slate                       -57.72 USD
  Expenses:Food:Restaurant                          57.72 USD

2021-10-31 balance Liabilities:US:Chase:Slate    -1220.18 USD

2021-10-31 * "Chichipotle" "Eating out alone"
  Liabilities:US:Chase:Slate                       -24.23 USD
  Expenses:Food:Restaurant                          24.23 USD

2021-11-03 * "Corner Deli" "Buying groceries"
  Liabilities:US:Chase:Slate                      -121.15 USD
  Expenses:Food:Groceries                          121.15 USD

2021-11-05 * "Kin Soy" "Eating out with Natasha"
  Liabilities:US:Chase:Slate                       -26.99 USD
  Expenses:Food:Restaurant                          26.99 USD

2021-11-07 * "Cafe Modagor" "Eating out with Joe"
  Liabilities:US:Chase:Slate                       -30.65 USD
  Expenses:Food:Restaurant                          30.65 USD

2021-11-07 * "Chase:Slate" "Paying off credit card"
  Liabilities:US:Chase:Slate                       607.25 USD
  Assets:US:BofA:Checking                         -607.25 USD

2021-11-08 * "Onion Market" "Buying groceries"
  Liabilities:US:Chase:Slate                      -100.57 USD
  Expenses:Food:Groceries                          100.57 USD

2021-11-09 * "Uncle Boons" "Eating out with work buddies"
  Liabilities:US:Chase:Slate                       -18.73 USD
  Expenses:Food:Restaurant                          18.73 USD

2021-11-12 * "Rose Flower" "Eating out after work"
  Liabilities:US:Chase:Slate                       -46.20 USD
  Expenses:Food:Restaurant                          46.20 USD

2021-11-13 * "Kin Soy" "Eating out with work buddies"
  Liabilities:US:Chase:Slate                       -22.57 USD
  Expenses:Food:Restaurant                          22.57 USD

2021-11-16 * "China Garden" "Eating out with work buddies"
  Liabilities:US:Chase:Slate                       -27.57 USD
  Expenses:Food:Restaurant                          27.57 USD

2021-11-17 * "Rose Flower" "Eating out alone"
  Liabilities:US:Chase:Slate                       -37.33 USD
  Expenses:Food:Restaurant                          37.33 USD

2021-11-19 * "Jewel of Morroco" "Eating out after work"
  Liabilities:US:Chase:Slate                       -20.30 USD
  Expenses:Food:Restaurant                          20.30 USD

2021-11-23 * "Metro Transport Authority" "Tram tickets"
  Liabilities:US:Chase:Slate                      -120.00 USD
  Expenses:Transport:Tram                          120.00 USD

2021-11-24 * "China Garden" "Eating out with Julie"
  Liabilities:US:Chase:Slate                       -30.08 USD
  Expenses:Food:Restaurant                          30.08 USD

2021-11-25 balance Liabilities:US:Chase:Slate    -1239.30 USD

2021-11-25 * "Jewel of Morroco" "Eating out after work"
  Liabilities:US:Chase:Slate                       -19.92 USD
  Expenses:Food:Restaurant                          19.92 USD

2021-11-28 * "Corner Deli" "Buying groceries"
  Liabilities:US:Chase:Slate                       -46.40 USD
  Expenses:Food:Groceries                           46.40 USD

2021-11-29 * "Uncle Boons" "Eating out with Natasha"
  Liabilities:US:Chase:Slate                       -52.91 USD
  Expenses:Food:Restaurant                          52.91 USD

2021-12-02 * "Kin Soy" "Eating out alone"
  Liabilities:US:Chase:Slate                       -22.02 USD
  Expenses:Food:Restaurant                          22.02 USD

2021-12-04 * "Kin Soy" "Eating out after work"
  Liabilities:US:Chase:Slate                       -24.18 USD
  Expenses:Food:Restaurant                          24.18 USD

2021-12-05 * "Kin Soy" "Eating out alone"
  Liabilities:US:Chase:Slate                       -23.48 USD
  Expenses:Food:Restaurant                          23.48 USD

2021-12-07 * "Rose Flower" "Eating out with Bill"
  Liabilities:US:Chase:Slate                       -36.79 USD
  Expenses:Food:Restaurant                          36.79 USD

2021-12-10 * "Chase:Slate" "Paying off credit card"
  Liabilities:US:Chase:Slate                       661.20 USD
  Assets:US:BofA:Checking                         -661.20 USD

2021-12-11 * "China Garden" "Eating out alone"
  Liabilities:US:Chase:Slate                       -12.15 USD
  Expenses:Food:Restaurant                          12.15 USD

2021-12-14 * "Corner Deli" "Buying groceries"
  Liabilities:US:Chase:Slate                       -58.44 USD
  Expenses:Food:Groceries                           58.44 USD

2021-12-16 * "Uncle Boons" "Eating out "
  Liabilities:US:Chase:Slate                       -32.75 USD
  Expenses:Food:Restaurant                          32.75 USD

2021-12-17 * "Cafe Modagor" "Eating out alone"
  Liabilities:US:Chase:Slate                       -36.58 USD
  Expenses:Food:Restaurant                          36.58 USD

2021-12-20 balance Liabilities:US:Chase:Slate     -943.72 USD

2021-12-21 * "Jewel of Morroco" "Eating out "
  Liabilities:US:Chase:Slate                       -56.42 USD
  Expenses:Food:Restaurant                          56.42 USD

2021-12-24 * "Goba Goba" "Eating out alone"
  Liabilities:US:Chase:Slate                       -20.85 USD
  Expenses:Food:Restaurant                          20.85 USD

2021-12-24 * "Metro Transport Authority" "Tram tickets"
  Liabilities:US:Chase:Slate                      -120.00 USD
  Expenses:Transport:Tram                          120.00 USD

2021-12-29 * "Uncle Boons" "Eating out alone"
  Liabilities:US:Chase:Slate                       -68.35 USD
  Expenses:Food:Restaurant                          68.35 USD

2021-12-29 * "Onion Market" "Buying groceries"
  Liabilities:US:Chase:Slate                      -104.25 USD
  Expenses:Food:Groceries                          104.25 USD

2022-01-01 * "Goba Goba" "Eating out with work buddies"
  Liabilities:US:Chase:Slate                       -21.01 USD
  Expenses:Food:Restaurant                          21.01 USD

2022-01-04 * "Farmer Fresh" "Buying groceries"
  Liabilities:US:Chase:Slate                       -65.85 USD
  Expenses:Food:Groceries                           65.85 USD

2022-01-06 * "Uncle Boons" "Eating out with Joe"
  Liabilities:US:Chase:Slate                       -49.27 USD
  Expenses:Food:Restaurant                          49.27 USD

2022-01-09 * "China Garden" "Eating out with work buddies"
  Liabilities:US:Chase:Slate                       -19.53 USD
  Expenses:Food:Restaurant                          19.53 USD

2022-01-10 * "Rose Flower" "Eating out "
  Liabilities:US:Chase:Slate                       -38.07 USD
  Expenses:Food:Restaurant                          38.07 USD

2022-01-11 * "Chase:Slate" "Paying off credit card"
  Liabilities:US:Chase:Slate                       714.71 USD
  Assets:US:BofA:Checking                         -714.71 USD

2022-01-15 * "Cafe Modagor" "Eating out with Julie"
  Liabilities:US:Chase:Slate                       -23.34 USD
  Expenses:Food:Restaurant                          23.34 USD

2022-01-17 balance Liabilities:US:Chase:Slate     -815.95 USD

2022-01-20 * "Jewel of Morroco" "Eating out "
  Liabilities:US:Chase:Slate                       -24.31 USD
  Expenses:Food:Restaurant                          24.31 USD

2022-01-21 * "Farmer Fresh" "Buying groceries"
  Liabilities:US:Chase:Slate                       -75.56 USD
  Expenses:Food:Groceries                           75.56 USD

2022-01-22 * "Metro Transport Authority" "Tram tickets"
  Liabilities:US:Chase:Slate                      -120.00 USD
  Expenses:Transport:Tram                          120.00 USD

2022-01-23 event "location" "New York"

2022-01-24 * "La Colombe" "" #trip-new-york-2022
  Liabilities:US:Chase:Slate                        -6.66 USD
  Expenses:Food:Coffee                               6.66 USD

2022-01-25 * "Cafe Select" "" #trip-new-york-2022
  Liabilities:US:Chase:Slate                       -29.74 USD
  Expenses:Food:Restaurant                          29.74 USD

2022-01-25 * "Takahachi" "" #trip-new-york-2022
  Liabilities:US:Chase:Slate                       -51.00 USD
  Expenses:Food:Restaurant                          51.00 USD

2022-01-26 * "La Colombe" "" #trip-new-york-2022
  Liabilities:US:Chase:Slate                        -7.29 USD
  Expenses:Food:Coffee                               7.29 USD

2022-01-27 * "Uncle Boons" "" #trip-new-york-2022
  Liabilities:US:Chase:Slate                       -43.75 USD
  Expenses:Food:Restaurant                          43.75 USD

2022-01-27 * "Gimme! Coffee" "" #trip-new-york-2022
  Liabilities:US:Chase:Slate                        -8.23 USD
  Expenses:Food:Coffee                               8.23 USD

2022-01-28 * "Uncle Boons" "" #trip-new-york-2022
  Liabilities:US:Chase:Slate                       -38.27 USD
  Expenses:Food:Restaurant                          38.27 USD

2022-01-28 * "Gimme! Coffee" "" #trip-new-york-2022
  Liabilities:US:Chase:Slate                        -7.02 USD
  Expenses:Food:Coffee                               7.02 USD

2022-01-29 * "Laut" "" #trip-new-york-2022
  Liabilities:US:Chase:Slate                       -30.44 USD
  Expenses:Food:Restaurant                          30.44 USD

2022-01-30 * "Laut" "" #trip-new-york-2022
  Liabilities:US:Chase:Slate                       -32.41 USD
  Expenses:Food:Restaurant                          32.41 USD

2022-01-31 * "Laut" "" #trip-new-york-2022
  Liabilities:US:Chase:Slate                       -29.19 USD
  Expenses:Food:Restaurant                          29.19 USD

2022-01-31 * "La Colombe" "" #trip-new-york-2022
  Liabilities:US:Chase:Slate                        -6.24 USD
  Expenses:Food:Coffee                               6.24 USD

2022-02-02 * "Uncle Boons" "" #trip-new-york-2022
  Liabilities:US:Chase:Slate                       -36.90 USD
  Expenses:Food:Restaurant                          36.90 USD

2022-02-02 * "La Colombe" "" #trip-new-york-2022
  Liabilities:US:Chase:Slate                        -5.39 USD
  Expenses:Food:Coffee                               5.39 USD

2022-02-03 * "Cafe Select" "" #trip-new-york-2022
  Liabilities:US:Chase:Slate                       -23.52 USD
  Expenses:Food:Restaurant                          23.52 USD

2022-02-04 * "Cafe Select" "" #trip-new-york-2022
  Liabilities:US:Chase:Slate                       -30.53 USD
  Expenses:Food:Restaurant                          30.53 USD

2022-02-05 * "Takahachi" "" #trip-new-york-2022
  Liabilities:US:Chase:Slate                       -43.93 USD
  Expenses:Food:Restaurant                          43.93 USD

2022-02-05 * "La Colombe" "" #trip-new-york-2022
  Liabilities:US:Chase:Slate                        -6.72 USD
  Expenses:Food:Coffee                               6.72 USD

2022-02-05 * "Gimme! Coffee" "" #trip-new-york-2022
  Liabilities:US:Chase:Slate                        -3.19 USD
  Expenses:Food:Coffee                               3.19 USD

2022-02-07 * "Takahachi" "" #trip-new-york-2022
  Liabilities:US:Chase:Slate                       -43.29 USD
  Expenses:Food:Restaurant                          43.29 USD

2022-02-08 * "Cafe Modagor" "Eating out with Joe"
  Liabilities:US:Chase:Slate                       -23.72 USD
  Expenses:Food:Restaurant                          23.72 USD

2022-02-08 * "Takahachi" "" #trip-new-york-2022
  Liabilities:US:Chase:Slate                       -49.87 USD
  Expenses:Food:Restaurant                          49.87 USD

2022-02-08 * "Gimme! Coffee" "" #trip-new-york-2022
  Liabilities:US:Chase:Slate                        -9.21 USD
  Expenses:Food:Coffee                               9.21 USD

2022-02-08 * "Consume vacation days"
  Assets:US:Hooli:Vacation                           -128 VACHR
  Expenses:Vacation                                   128 VACHR

2022-02-08 * "Chase:Slate" "Paying off credit card"
  Liabilities:US:Chase:Slate                       243.59 USD
  Assets:US:BofA:Checking                         -243.59 USD

2022-02-08 event "location" "New Metropolis"

2022-02-09 balance Liabilities:US:Chase:Slate    -1358.74 USD

2022-02-12 * "Kin Soy" "Eating out with Bill"
  Liabilities:US:Chase:Slate                       -35.35 USD
  Expenses:Food:Restaurant                          35.35 USD

2022-02-12 * "Corner Deli" "Buying groceries"
  Liabilities:US:Chase:Slate                       -66.12 USD
  Expenses:Food:Groceries                           66.12 USD

2022-02-14 * "China Garden" "Eating out alone"
  Liabilities:US:Chase:Slate                       -14.14 USD
  Expenses:Food:Restaurant                          14.14 USD

2022-02-18 * "Cafe Modagor" "Eating out with Natasha"
  Liabilities:US:Chase:Slate                       -15.19 USD
  Expenses:Food:Restaurant                          15.19 USD

2022-02-23 * "Cafe Modagor" "Eating out "
  Liabilities:US:Chase:Slate                       -42.71 USD
  Expenses:Food:Restaurant                          42.71 USD

2022-02-23 * "Metro Transport Authority" "Tram tickets"
  Liabilities:US:Chase:Slate                      -120.00 USD
  Expenses:Transport:Tram                          120.00 USD

2022-02-26 * "Kin Soy" "Eating out after work"
  Liabilities:US:Chase:Slate                       -23.15 USD
  Expenses:Food:Restaurant                          23.15 USD

2022-02-27 * "Good Moods Market" "Buying groceries"
  Liabilities:US:Chase:Slate                      -105.27 USD
  Expenses:Food:Groceries                          105.27 USD

2022-02-28 * "Cafe Modagor" "Eating out "
  Liabilities:US:Chase:Slate                       -23.61 USD
  Expenses:Food:Restaurant                          23.61 USD

2022-03-04 * "Goba Goba" "Eating out after work"
  Liabilities:US:Chase:Slate                       -33.16 USD
  Expenses:Food:Restaurant                          33.16 USD

2022-03-05 * "Jewel of Morroco" "Eating out alone"
  Liabilities:US:Chase:Slate                       -57.50 USD
  Expenses:Food:Restaurant                          57.50 USD

2022-03-05 * "Good Moods Market" "Buying groceries"
  Liabilities:US:Chase:Slate                       -64.48 USD
  Expenses:Food:Groceries                           64.48 USD

2022-03-06 * "Uncle Boons" "Eating out "
  Liabilities:US:Chase:Slate                       -20.95 USD
  Expenses:Food:Restaurant                          20.95 USD

2022-03-10 balance Liabilities:US:Chase:Slate    -1980.37 USD

2022-03-10 * "Chase:Slate" "Paying off credit card"
  Liabilities:US:Chase:Slate                       665.99 USD
  Assets:US:BofA:Checking                         -665.99 USD

2022-03-11 * "Chichipotle" "Eating out alone"
  Liabilities:US:Chase:Slate                       -44.36 USD
  Expenses:Food:Restaurant                          44.36 USD

2022-03-12 * "Kin Soy" "Eating out with Natasha"
  Liabilities:US:Chase:Slate                       -34.88 USD
  Expenses:Food:Restaurant                          34.88 USD

2022-03-14 * "Rose Flower" "Eating out with Bill"
  Liabilities:US:Chase:Slate                       -16.01 USD
  Expenses:Food:Restaurant                          16.01 USD

2022-03-15 * "Cafe Modagor" "Eating out with work buddies"
  Liabilities:US:Chase:Slate                       -15.21 USD
  Expenses:Food:Restaurant                          15.21 USD

2022-03-18 * "Cafe Modagor" "Eating out after work"
  Liabilities:US:Chase:Slate                       -36.22 USD
  Expenses:Food:Restaurant                          36.22 USD

2022-03-19 * "Corner Deli" "Buying groceries"
  Liabilities:US:Chase:Slate                      -117.61 USD
  Expenses:Food:Groceries                          117.61 USD

2022-03-22 * "Rose Flower" "Eating out with Julie"
  Liabilities:US:Chase:Slate                       -49.56 USD
  Expenses:Food:Restaurant                          49.56 USD

2022-03-24 * "Kin Soy" "Eating out with Bill"
  Liabilities:US:Chase:Slate                       -18.49 USD
  Expenses:Food:Restaurant                          18.49 USD

2022-03-26 * "Goba Goba" "Eating out after work"
  Liabilities:US:Chase:Slate                       -43.83 USD
  Expenses:Food:Restaurant                          43.83 USD

2022-03-26 * "Onion Market" "Buying groceries"
  Liabilities:US:Chase:Slate                       -75.99 USD
  Expenses:Food:Groceries                           75.99 USD

2022-03-27 * "Chichipotle" "Eating out "
  Liabilities:US:Chase:Slate                       -36.86 USD
  Expenses:Food:Restaurant                          36.86 USD

2022-03-28 * "Metro Transport Authority" "Tram tickets"
  Liabilities:US:Chase:Slate                      -120.00 USD
  Expenses:Transport:Tram                          120.00 USD

2022-03-29 * "Goba Goba" "Eating out alone"
  Liabilities:US:Chase:Slate                       -22.34 USD
  Expenses:Food:Restaurant                          22.34 USD

2022-03-30 * "Kin Soy" "Eating out "
  Liabilities:US:Chase:Slate                       -28.27 USD
  Expenses:Food:Restaurant                          28.27 USD

2022-04-01 * "Cafe Modagor" "Eating out with Natasha"
  Liabilities:US:Chase:Slate                       -27.55 USD
  Expenses:Food:Restaurant                          27.55 USD

2022-04-03 * "Chichipotle" "Eating out with Natasha"
  Liabilities:US:Chase:Slate                       -33.52 USD
  Expenses:Food:Restaurant                          33.52 USD

2022-04-04 balance Liabilities:US:Chase:Slate    -2035.08 USD

2022-04-06 * "Rose Flower" "Eating out "
  Liabilities:US:Chase:Slate                       -16.85 USD
  Expenses:Food:Restaurant                          16.85 USD

2022-04-06 * "Corner Deli" "Buying groceries"
  Liabilities:US:Chase:Slate                       -96.87 USD
  Expenses:Food:Groceries                           96.87 USD

2022-04-08 * "Kin Soy" "Eating out with Bill"
  Liabilities:US:Chase:Slate                       -20.77 USD
  Expenses:Food:Restaurant                          20.77 USD

2022-04-08 * "Chase:Slate" "Paying off credit card"
  Liabilities:US:Chase:Slate                       810.83 USD
  Assets:US:BofA:Checking                         -810.83 USD

2022-04-09 * "China Garden" "Eating out with Julie"
  Liabilities:US:Chase:Slate                       -32.01 USD
  Expenses:Food:Restaurant                          32.01 USD

2022-04-13 * "Goba Goba" "Eating out with Bill"
  Liabilities:US:Chase:Slate                       -36.33 USD
  Expenses:Food:Restaurant                          36.33 USD

2022-04-14 * "Chichipotle" "Eating out with Natasha"
  Liabilities:US:Chase:Slate                       -18.77 USD
  Expenses:Food:Restaurant                          18.77 USD

2022-04-16 * "China Garden" "Eating out after work"
  Liabilities:US:Chase:Slate                       -31.59 USD
  Expenses:Food:Restaurant                          31.59 USD

2022-04-18 * "Chichipotle" "Eating out with Bill"
  Liabilities:US:Chase:Slate                       -28.94 USD
  Expenses:Food:Restaurant                          28.94 USD

2022-04-18 * "Onion Market" "Buying groceries"
  Liabilities:US:Chase:Slate                       -66.83 USD
  Expenses:Food:Groceries                           66.83 USD

2022-04-20 * "Rose Flower" "Eating out after work"
  Liabilities:US:Chase:Slate                       -23.93 USD
  Expenses:Food:Restaurant                          23.93 USD

2022-04-22 * "Kin Soy" "Eating out after work"
  Liabilities:US:Chase:Slate                       -17.05 USD
  Expenses:Food:Restaurant                          17.05 USD

2022-04-23 * "Rose Flower" "Eating out alone"
  Liabilities:US:Chase:Slate                       -34.15 USD
  Expenses:Food:Restaurant                          34.15 USD

2022-04-24 balance Liabilities:US:Chase:Slate    -1648.34 USD

2022-04-27 * "Jewel of Morroco" "Eating out with work buddies"
  Liabilities:US:Chase:Slate                       -29.16 USD
  Expenses:Food:Restaurant                          29.16 USD

2022-04-27 * "Metro Transport Authority" "Tram tickets"
  Liabilities:US:Chase:Slate                      -120.00 USD
  Expenses:Transport:Tram                          120.00 USD

2022-04-28 * "Rose Flower" "Eating out with Bill"
  Liabilities:US:Chase:Slate                       -34.58 USD
  Expenses:Food:Restaurant                          34.58 USD

2022-04-28 * "Good Moods Market" "Buying groceries"
  Liabilities:US:Chase:Slate                       -75.12 USD
  Expenses:Food:Groceries                           75.12 USD

2022-05-01 * "Jewel of Morroco" "Eating out with Joe"
  Liabilities:US:Chase:Slate                       -55.59 USD
  Expenses:Food:Restaurant                          55.59 USD

2022-05-02 * "Chichipotle" "Eating out "
  Liabilities:US:Chase:Slate                       -25.21 USD
  Expenses:Food:Restaurant                          25.21 USD

2022-05-07 * "Goba Goba" "Eating out alone"
  Liabilities:US:Chase:Slate                       -33.82 USD
  Expenses:Food:Restaurant                          33.82 USD

2022-05-09 * "Chase:Slate" "Paying off credit card"
  Liabilities:US:Chase:Slate                       720.27 USD
  Assets:US:BofA:Checking                         -720.27 USD

2022-05-11 * "Goba Goba" "Eating out after work"
  Liabilities:US:Chase:Slate                       -57.19 USD
  Expenses:Food:Restaurant                          57.19 USD

2022-05-14 * "Rose Flower" "Eating out with Joe"
  Liabilities:US:Chase:Slate                       -33.07 USD
  Expenses:Food:Restaurant                          33.07 USD

2022-05-16 * "Goba Goba" "Eating out after work"
  Liabilities:US:Chase:Slate                       -45.37 USD
  Expenses:Food:Restaurant                          45.37 USD

2022-05-16 * "Onion Market" "Buying groceries"
  Liabilities:US:Chase:Slate                      -116.27 USD
  Expenses:Food:Groceries                          116.27 USD

2022-05-17 balance Liabilities:US:Chase:Slate    -1553.45 USD

2022-05-20 * "Jewel of Morroco" "Eating out with Natasha"
  Liabilities:US:Chase:Slate                       -18.90 USD
  Expenses:Food:Restaurant                          18.90 USD

2022-05-25 * "China Garden" "Eating out with Natasha"
  Liabilities:US:Chase:Slate                       -37.04 USD
  Expenses:Food:Restaurant                          37.04 USD

2022-05-27 * "China Garden" "Eating out with Julie"
  Liabilities:US:Chase:Slate                       -26.65 USD
  Expenses:Food:Restaurant                          26.65 USD

2022-05-28 * "Farmer Fresh" "Buying groceries"
  Liabilities:US:Chase:Slate                       -71.11 USD
  Expenses:Food:Groceries                           71.11 USD

2022-05-29 * "Metro Transport Authority" "Tram tickets"
  Liabilities:US:Chase:Slate                      -120.00 USD
  Expenses:Transport:Tram                          120.00 USD

2022-06-01 * "Kin Soy" "Eating out with work buddies"
  Liabilities:US:Chase:Slate                       -30.31 USD
  Expenses:Food:Restaurant                          30.31 USD

2022-06-04 * "Cafe Modagor" "Eating out "
  Liabilities:US:Chase:Slate                       -26.05 USD
  Expenses:Food:Restaurant                          26.05 USD

2022-06-06 balance Liabilities:US:Chase:Slate    -1883.51 USD

2022-06-07 * "Kin Soy" "Eating out "
  Liabilities:US:Chase:Slate                       -28.22 USD
  Expenses:Food:Restaurant                          28.22 USD

2022-06-07 * "Chase:Slate" "Paying off credit card"
  Liabilities:US:Chase:Slate                       552.99 USD
  Assets:US:BofA:Checking                         -552.99 USD

2022-06-10 * "China Garden" "Eating out with Bill"
  Liabilities:US:Chase:Slate                       -25.94 USD
  Expenses:Food:Restaurant                          25.94 USD

2022-06-13 * "Good Moods Market" "Buying groceries"
  Liabilities:US:Chase:Slate                       -70.99 USD
  Expenses:Food:Groceries                           70.99 USD

2022-06-15 * "Goba Goba" "Eating out with Julie"
  Liabilities:US:Chase:Slate                       -36.96 USD
  Expenses:Food:Restaurant                          36.96 USD

2022-06-20 * "Uncle Boons" "Eating out with Joe"
  Liabilities:US:Chase:Slate                       -21.09 USD
  Expenses:Food:Restaurant                          21.09 USD

2022-06-22 * "Goba Goba" "Eating out with Natasha"
  Liabilities:US:Chase:Slate                       -28.55 USD
  Expenses:Food:Restaurant                          28.55 USD

2022-06-27 * "Uncle Boons" "Eating out with Natasha"
  Liabilities:US:Chase:Slate                       -30.48 USD
  Expenses:Food:Restaurant                          30.48 USD

2022-06-30 * "Jewel of Morroco" "Eating out with work buddies"
  Liabilities:US:Chase:Slate                       -24.35 USD
  Expenses:Food:Restaurant                          24.35 USD

2022-06-30 * "Good Moods Market" "Buying groceries"
  Liabilities:US:Chase:Slate                       -62.66 USD
  Expenses:Food:Groceries                           62.66 USD

2022-07-01 * "Chichipotle" "Eating out "
  Liabilities:US:Chase:Slate                       -41.16 USD
  Expenses:Food:Restaurant                          41.16 USD

2022-07-01 * "Metro Transport Authority" "Tram tickets"
  Liabilities:US:Chase:Slate                      -120.00 USD
  Expenses:Transport:Tram                          120.00 USD

2022-07-04 balance Liabilities:US:Chase:Slate    -1820.92 USD

2022-07-05 * "Kin Soy" "Eating out "
  Liabilities:US:Chase:Slate                       -16.79 USD
  Expenses:Food:Restaurant                          16.79 USD

2022-07-06 * "China Garden" "Eating out with Julie"
  Liabilities:US:Chase:Slate                       -40.28 USD
  Expenses:Food:Restaurant                          40.28 USD

2022-07-07 * "Chichipotle" "Eating out with Natasha"
  Liabilities:US:Chase:Slate                       -30.27 USD
  Expenses:Food:Restaurant                          30.27 USD

2022-07-07 * "Onion Market" "Buying groceries"
  Liabilities:US:Chase:Slate                       -93.36 USD
  Expenses:Food:Groceries                           93.36 USD

2022-07-11 * "Chase:Slate" "Paying off credit card"
  Liabilities:US:Chase:Slate                       673.75 USD
  Assets:US:BofA:Checking                         -673.75 USD

2022-07-12 * "China Garden" "Eating out after work"
  Liabilities:US:Chase:Slate                       -30.87 USD
  Expenses:Food:Restaurant                          30.87 USD

2022-07-16 * "Rose Flower" "Eating out "
  Liabilities:US:Chase:Slate                       -30.57 USD
  Expenses:Food:Restaurant                          30.57 USD

2022-07-18 * "Rose Flower" "Eating out "
  Liabilities:US:Chase:Slate                       -30.60 USD
  Expenses:Food:Restaurant                          30.60 USD

2022-07-21 * "Onion Market" "Buying groceries"
  Liabilities:US:Chase:Slate                       -43.58 USD
  Expenses:Food:Groceries                           43.58 USD

2022-07-23 * "Kin Soy" "Eating out after work"
  Liabilities:US:Chase:Slate                       -36.53 USD
  Expenses:Food:Restaurant                          36.53 USD

2022-07-28 * "Rose Flower" "Eating out with Julie"
  Liabilities:US:Chase:Slate                       -20.83 USD
  Expenses:Food:Restaurant                          20.83 USD

2022-07-30 * "Rose Flower" "Eating out with Julie"
  Liabilities:US:Chase:Slate                       -29.51 USD
  Expenses:Food:Restaurant                          29.51 USD

2022-07-31 * "Metro Transport Authority" "Tram tickets"
  Liabilities:US:Chase:Slate                      -120.00 USD
  Expenses:Transport:Tram                          120.00 USD

2022-08-02 balance Liabilities:US:Chase:Slate    -1670.36 USD

2022-08-04 * "Kin Soy" "Eating out with Natasha"
  Liabilities:US:Chase:Slate                       -27.51 USD
  Expenses:Food:Restaurant                          27.51 USD

2022-08-07 * "Chase:Slate" "Paying off credit card"
  Liabilities:US:Chase:Slate                       361.49 USD
  Assets:US:BofA:Checking                         -361.49 USD

2022-08-09 * "China Garden" "Eating out with work buddies"
  Liabilities:US:Chase:Slate                       -22.36 USD
  Expenses:Food:Restaurant                          22.36 USD

2022-08-10 * "Chichipotle" "Eating out with Julie"
  Liabilities:US:Chase:Slate                       -18.25 USD
  Expenses:Food:Restaurant                          18.25 USD

2022-08-10 * "Farmer Fresh" "Buying groceries"
  Liabilities:US:Chase:Slate                       -80.12 USD
  Expenses:Food:Groceries                           80.12 USD

2022-08-15 * "Jewel of Morroco" "Eating out with Natasha"
  Liabilities:US:Chase:Slate                       -18.19 USD
  Expenses:Food:Restaurant                          18.19 USD

2022-08-17 * "Good Moods Market" "Buying groceries"
  Liabilities:US:Chase:Slate                       -93.03 USD
  Expenses:Food:Groceries                           93.03 USD

2022-08-20 * "Rose Flower" "Eating out alone"
  Liabilities:US:Chase:Slate                       -41.38 USD
  Expenses:Food:Restaurant                          41.38 USD

2022-08-23 * "Chichipotle" "Eating out with Julie"
  Liabilities:US:Chase:Slate                       -37.22 USD
  Expenses:Food:Restaurant                          37.22 USD

2022-08-24 balance Liabilities:US:Chase:Slate    -1646.93 USD

2022-08-25 * "Kin Soy" "Eating out with Julie"
  Liabilities:US:Chase:Slate                       -31.25 USD
  Expenses:Food:Restaurant                          31.25 USD

2022-08-30 * "China Garden" "Eating out after work"
  Liabilities:US:Chase:Slate                       -34.08 USD
  Expenses:Food:Restaurant                          34.08 USD

2022-08-30 * "Metro Transport Authority" "Tram tickets"
  Liabilities:US:Chase:Slate                      -120.00 USD
  Expenses:Transport:Tram                          120.00 USD

2022-09-02 * "Chichipotle" "Eating out "
  Liabilities:US:Chase:Slate                       -29.41 USD
  Expenses:Food:Restaurant                          29.41 USD

2022-09-03 * "Chichipotle" "Eating out "
  Liabilities:US:Chase:Slate                       -14.97 USD
  Expenses:Food:Restaurant                          14.97 USD

2022-09-03 * "Farmer Fresh" "Buying groceries"
  Liabilities:US:Chase:Slate                      -134.82 USD
  Expenses:Food:Groceries                          134.82 USD

2022-09-08 event "location" "Chicago"

2022-09-08 * "Chase:Slate" "Paying off credit card"
  Liabilities:US:Chase:Slate                       681.18 USD
  Assets:US:BofA:Checking                         -681.18 USD

2022-09-09 * "Mercadito" "" #trip-chicago-2022
  Liabilities:US:Chase:Slate                       -36.81 USD
  Expenses:Food:Restaurant                          36.81 USD

2022-09-09 * "25 Degrees Burger Bar" "" #trip-chicago-2022
  Liabilities:US:Chase:Slate                       -18.49 USD
  Expenses:Food:Restaurant                          18.49 USD

2022-09-10 * "Argo Tea" "" #trip-chicago-2022
  Liabilities:US:Chase:Slate                        -5.74 USD
  Expenses:Food:Coffee                               5.74 USD

2022-09-12 * "Eataly Chicago" "" #trip-chicago-2022
  Liabilities:US:Chase:Slate                       -30.49 USD
  Expenses:Food:Restaurant                          30.49 USD

2022-09-12 * "Another Sports Pub" "" #trip-chicago-2022
  Liabilities:US:Chase:Slate                       -10.60 USD
  Expenses:Food:Alcohol                             10.60 USD

2022-09-12 * "Argo Tea" "" #trip-chicago-2022
  Liabilities:US:Chase:Slate                        -6.41 USD
  Expenses:Food:Coffee                               6.41 USD

2022-09-13 * "Mercadito" "" #trip-chicago-2022
  Liabilities:US:Chase:Slate                       -37.21 USD
  Expenses:Food:Restaurant                          37.21 USD

2022-09-14 * "Star of Siam" "" #trip-chicago-2022
  Liabilities:US:Chase:Slate                       -20.32 USD
  Expenses:Food:Restaurant                          20.32 USD

2022-09-14 * "25 Degrees Burger Bar" "" #trip-chicago-2022
  Liabilities:US:Chase:Slate                       -23.44 USD
  Expenses:Food:Restaurant                          23.44 USD

2022-09-14 * "Another Sports Pub" "" #trip-chicago-2022
  Liabilities:US:Chase:Slate                        -6.26 USD
  Expenses:Food:Alcohol                              6.26 USD

2022-09-15 * "Another Sports Pub" "" #trip-chicago-2022
  Liabilities:US:Chase:Slate                       -14.78 USD
  Expenses:Food:Alcohol                             14.78 USD

2022-09-16 * "Another Sports Pub" "" #trip-chicago-2022
  Liabilities:US:Chase:Slate                       -11.66 USD
  Expenses:Food:Alcohol                             11.66 USD

2022-09-17 * "25 Degrees Burger Bar" "" #trip-chicago-2022
  Liabilities:US:Chase:Slate                       -20.61 USD
  Expenses:Food:Restaurant                          20.61 USD

2022-09-17 * "Eataly Chicago" "" #trip-chicago-2022
  Liabilities:US:Chase:Slate                       -36.34 USD
  Expenses:Food:Restaurant                          36.34 USD

2022-09-17 * "Argo Tea" "" #trip-chicago-2022
  Liabilities:US:Chase:Slate                        -6.54 USD
  Expenses:Food:Coffee                               6.54 USD

2022-09-18 balance Liabilities:US:Chase:Slate    -1615.98 USD

2022-09-18 * "Star of Siam" "" #trip-chicago-2022
  Liabilities:US:Chase:Slate                       -25.19 USD
  Expenses:Food:Restaurant                          25.19 USD

2022-09-18 * "Mercadito" "" #trip-chicago-2022
  Liabilities:US:Chase:Slate                       -34.53 USD
  Expenses:Food:Restaurant                          34.53 USD

2022-09-20 * "Star of Siam" "" #trip-chicago-2022
  Liabilities:US:Chase:Slate                       -20.30 USD
  Expenses:Food:Restaurant                          20.30 USD

2022-09-21 * "Kin Soy" "Eating out with Joe"
  Liabilities:US:Chase:Slate                       -28.46 USD
  Expenses:Food:Restaurant                          28.46 USD

2022-09-21 * "Star of Siam" "" #trip-chicago-2022
  Liabilities:US:Chase:Slate                       -22.50 USD
  Expenses:Food:Restaurant                          22.50 USD

2022-09-21 * "Eataly Chicago" "" #trip-chicago-2022
  Liabilities:US:Chase:Slate                       -40.50 USD
  Expenses:Food:Restaurant                          40.50 USD

2022-09-21 * "Another Sports Pub" "" #trip-chicago-2022
  Liabilities:US:Chase:Slate                       -15.81 USD
  Expenses:Food:Alcohol                             15.81 USD

2022-09-21 * "Consume vacation days"
  Assets:US:Hooli:Vacation                           -104 VACHR
  Expenses:Vacation                                   104 VACHR

2022-09-21 event "location" "New Metropolis"

2022-09-24 * "Goba Goba" "Eating out with work buddies"
  Liabilities:US:Chase:Slate                       -42.36 USD
  Expenses:Food:Restaurant                          42.36 USD

2022-09-25 * "China Garden" "Eating out with Bill"
  Liabilities:US:Chase:Slate                       -40.73 USD
  Expenses:Food:Restaurant                          40.73 USD

2022-09-26 * "Onion Market" "Buying groceries"
  Liabilities:US:Chase:Slate                       -59.79 USD
  Expenses:Food:Groceries                           59.79 USD

2022-09-27 * "China Garden" "Eating out with Joe"
  Liabilities:US:Chase:Slate                       -44.75 USD
  Expenses:Food:Restaurant                          44.75 USD

2022-09-30 * "China Garden" "Eating out with Julie"
  Liabilities:US:Chase:Slate                       -15.94 USD
  Expenses:Food:Restaurant                          15.94 USD

2022-09-30 * "Metro Transport Authority" "Tram tickets"
  Liabilities:US:Chase:Slate                      -120.00 USD
  Expenses:Transport:Tram                          120.00 USD

2022-10-03 * "Chichipotle" "Eating out alone"
  Liabilities:US:Chase:Slate                       -43.66 USD
  Expenses:Food:Restaurant                          43.66 USD

2022-10-05 * "Cafe Modagor" "Eating out with work buddies"
  Liabilities:US:Chase:Slate                       -27.30 USD
  Expenses:Food:Restaurant                          27.30 USD

2022-10-10 balance Liabilities:US:Chase:Slate    -2197.80 USD

2022-10-10 * "Uncle Boons" "Eating out with Julie"
  Liabilities:US:Chase:Slate                       -47.71 USD
  Expenses:Food:Restaurant                          47.71 USD

2022-10-12 * "Rose Flower" "Eating out with Julie"
  Liabilities:US:Chase:Slate                       -85.08 USD
  Expenses:Food:Restaurant                          85.08 USD

2022-10-12 * "Good Moods Market" "Buying groceries"
  Liabilities:US:Chase:Slate                       -88.96 USD
  Expenses:Food:Groceries                           88.96 USD



* Taxable Investments

2020-01-01 open Assets:US:ETrade:Cash                       USD
2020-01-01 open Assets:US:ETrade:ITOT                       ITOT
2020-01-01 open Assets:US:ETrade:VEA                       VEA
2020-01-01 open Assets:US:ETrade:VHT                       VHT
2020-01-01 open Assets:US:ETrade:GLD                       GLD
2020-01-01 open Income:US:ETrade:PnL                        USD
2020-01-01 open Income:US:ETrade:ITOT:Dividend              USD
2020-01-01 open Income:US:ETrade:VEA:Dividend              USD
2020-01-01 open Income:US:ETrade:VHT:Dividend              USD
2020-01-01 open Income:US:ETrade:GLD:Dividend              USD

2020-09-17 * "Dividends on portfolio"
  Assets:US:ETrade:Cash                              0.00 USD
  Income:US:ETrade:VHT:Dividend                      0.00 USD

2020-10-08 * "Buy shares of VEA"
  Assets:US:ETrade:Cash                          -3814.91 USD
  Assets:US:ETrade:VEA                                 34 VEA {111.94 USD, 2020-10-08}
  Expenses:Financial:Commissions                     8.95 USD

2020-10-21 * "Sell shares of VEA"
  Assets:US:ETrade:VEA                                -34 VEA {111.94 USD, 2020-10-08} @ 108.67 USD
  Assets:US:ETrade:Cash                           3685.83 USD
  Expenses:Financial:Commissions                     8.95 USD
  Income:US:ETrade:PnL                             111.18 USD

2020-11-08 * "Buy shares of GLD"
  Assets:US:ETrade:Cash                          -7667.98 USD
  Assets:US:ETrade:GLD                                 53 GLD {144.51 USD, 2020-11-08}
  Expenses:Financial:Commissions                     8.95 USD

2020-11-30 * "Sell shares of GLD"
  Assets:US:ETrade:GLD                                -53 GLD {144.51 USD, 2020-11-08} @ 141.03 USD
  Assets:US:ETrade:Cash                           7465.64 USD
  Expenses:Financial:Commissions                     8.95 USD
  Income:US:ETrade:PnL                             184.44 USD

2020-12-02 * "Buy shares of ITOT"
  Assets:US:ETrade:Cash                          -1827.97 USD
  Assets:US:ETrade:ITOT                                14 ITOT {129.93 USD, 2020-12-02}
  Expenses:Financial:Commissions                     8.95 USD

2020-12-02 * "Buy shares of GLD"
  Assets:US:ETrade:Cash                          -1842.34 USD
  Assets:US:ETrade:GLD                                 13 GLD {141.03 USD, 2020-12-02}
  Expenses:Financial:Commissions                     8.95 USD

2020-12-02 * "Buy shares of VHT"
  Assets:US:ETrade:Cash                          -1864.93 USD
  Assets:US:ETrade:VHT                                 18 VHT {103.11 USD, 2020-12-02}
  Expenses:Financial:Commissions                     8.95 USD

2020-12-02 * "Buy shares of VEA"
  Assets:US:ETrade:Cash                          -1825.43 USD
  Assets:US:ETrade:VEA                                 16 VEA {113.53 USD, 2020-12-02}
  Expenses:Financial:Commissions                     8.95 USD

2020-12-17 * "Dividends on portfolio"
  Assets:US:ETrade:Cash                             75.16 USD
  Income:US:ETrade:VHT:Dividend                    -75.16 USD

2021-03-08 * "Sell shares of VHT"
  Assets:US:ETrade:VHT                                -18 VHT {103.11 USD, 2020-12-02} @ 110.76 USD
  Assets:US:ETrade:Cash                           1984.73 USD
  Expenses:Financial:Commissions                     8.95 USD
  Income:US:ETrade:PnL                            -137.70 USD

2021-03-18 * "Buy shares of VEA"
  Assets:US:ETrade:Cash                           -596.40 USD
  Assets:US:ETrade:VEA                                  5 VEA {117.49 USD, 2021-03-18}
  Expenses:Financial:Commissions                     8.95 USD

2021-03-18 * "Buy shares of ITOT"
  Assets:US:ETrade:Cash                           -676.45 USD
  Assets:US:ETrade:ITOT                                 5 ITOT {133.50 USD, 2021-03-18}
  Expenses:Financial:Commissions                     8.95 USD

2021-03-18 * "Buy shares of VHT"
  Assets:US:ETrade:Cash                           -676.75 USD
  Assets:US:ETrade:VHT                                  6 VHT {111.30 USD, 2021-03-18}
  Expenses:Financial:Commissions                     8.95 USD

2021-03-18 * "Dividends on portfolio"
  Assets:US:ETrade:Cash                             82.85 USD
  Income:US:ETrade:ITOT:Dividend                   -82.85 USD

2021-03-29 * "Sell shares of GLD"
  Assets:US:ETrade:GLD                                -13 GLD {141.03 USD, 2020-12-02} @ 140.69 USD
  Assets:US:ETrade:Cash                           1820.02 USD
  Expenses:Financial:Commissions                     8.95 USD
  Income:US:ETrade:PnL                               4.42 USD

2021-04-02 * "Buy shares of VEA"
  Assets:US:ETrade:Cash                           -960.31 USD
  Assets:US:ETrade:VEA                                  8 VEA {118.92 USD, 2021-04-02}
  Expenses:Financial:Commissions                     8.95 USD

2021-04-02 * "Buy shares of VHT"
  Assets:US:ETrade:Cash                           -933.19 USD
  Assets:US:ETrade:VHT                                  8 VHT {115.53 USD, 2021-04-02}
  Expenses:Financial:Commissions                     8.95 USD

2021-04-11 * "Sell shares of VEA"
  Assets:US:ETrade:VEA                                 -8 VEA {118.92 USD, 2021-04-02} @ 118.33 USD
  Assets:US:ETrade:Cash                            937.69 USD
  Expenses:Financial:Commissions                     8.95 USD
  Income:US:ETrade:PnL                               4.72 USD

2021-04-13 * "Sell shares of ITOT"
  Assets:US:ETrade:ITOT                               -14 ITOT {129.93 USD, 2020-12-02} @ 143.69 USD
  Assets:US:ETrade:Cash                           2002.71 USD
  Expenses:Financial:Commissions                     8.95 USD
  Income:US:ETrade:PnL                            -192.64 USD

2021-04-26 * "Buy shares of ITOT"
  Assets:US:ETrade:Cash                          -1537.40 USD
  Assets:US:ETrade:ITOT                                11 ITOT {138.95 USD, 2021-04-26}
  Expenses:Financial:Commissions                     8.95 USD

2021-04-26 * "Buy shares of VEA"
  Assets:US:ETrade:Cash                          -1532.16 USD
  Assets:US:ETrade:VEA                                 13 VEA {117.17 USD, 2021-04-26}
  Expenses:Financial:Commissions                     8.95 USD

2021-05-21 * "Sell shares of VHT"
  Assets:US:ETrade:VHT                                 -8 VHT {115.53 USD, 2021-04-02} @ 113.53 USD
  Assets:US:ETrade:Cash                            899.29 USD
  Expenses:Financial:Commissions                     8.95 USD
  Income:US:ETrade:PnL                              16.00 USD

2021-05-24 * "Sell shares of VEA"
  Assets:US:ETrade:VEA                                -16 VEA {113.53 USD, 2020-12-02} @ 119.44 USD
  Assets:US:ETrade:Cash                           1902.09 USD
  Expenses:Financial:Commissions                     8.95 USD
  Income:US:ETrade:PnL                             -94.56 USD

2021-06-05 * "Buy shares of GLD"
  Assets:US:ETrade:Cash                          -2835.77 USD
  Assets:US:ETrade:GLD                                 19 GLD {148.78 USD, 2021-06-05}
  Expenses:Financial:Commissions                     8.95 USD

2021-06-18 * "Dividends on portfolio"
  Assets:US:ETrade:Cash                            113.87 USD
  Income:US:ETrade:VEA:Dividend                   -113.87 USD

2021-09-18 * "Dividends on portfolio"
  Assets:US:ETrade:Cash                            113.87 USD
  Income:US:ETrade:VEA:Dividend                   -113.87 USD

2021-10-20 * "Buy shares of VEA"
  Assets:US:ETrade:Cash                          -2426.55 USD
  Assets:US:ETrade:VEA                                 20 VEA {120.88 USD, 2021-10-20}
  Expenses:Financial:Commissions                     8.95 USD

2021-10-20 * "Buy shares of GLD"
  Assets:US:ETrade:Cash                          -2425.59 USD
  Assets:US:ETrade:GLD                                 16 GLD {151.04 USD, 2021-10-20}
  Expenses:Financial:Commissions                     8.95 USD

2021-10-20 * "Buy shares of ITOT"
  Assets:US:ETrade:Cash                          -2377.59 USD
  Assets:US:ETrade:ITOT                                16 ITOT {148.04 USD, 2021-10-20}
  Expenses:Financial:Commissions                     8.95 USD

2021-11-25 * "Buy shares of ITOT"
  Assets:US:ETrade:Cash                          -1150.31 USD
  Assets:US:ETrade:ITOT                                 8 ITOT {142.67 USD, 2021-11-25}
  Expenses:Financial:Commissions                     8.95 USD

2021-11-25 * "Buy shares of VHT"
  Assets:US:ETrade:Cash                          -1122.25 USD
  Assets:US:ETrade:VHT                                 10 VHT {111.33 USD, 2021-11-25}
  Expenses:Financial:Commissions                     8.95 USD

2021-11-25 * "Buy shares of GLD"
  Assets:US:ETrade:Cash                          -1201.11 USD
  Assets:US:ETrade:GLD                                  8 GLD {149.02 USD, 2021-11-25}
  Expenses:Financial:Commissions                     8.95 USD

2021-12-07 * "Sell shares of VEA"
  Assets:US:ETrade:VEA                                -13 VEA {117.17 USD, 2021-04-26} @ 124.37 USD
  Assets:US:ETrade:Cash                           1607.86 USD
  Expenses:Financial:Commissions                     8.95 USD
  Income:US:ETrade:PnL                             -93.60 USD

2021-12-16 * "Buy shares of ITOT"
  Assets:US:ETrade:Cash                           -431.68 USD
  Assets:US:ETrade:ITOT                                 3 ITOT {140.91 USD, 2021-12-16}
  Expenses:Financial:Commissions                     8.95 USD

2021-12-16 * "Buy shares of VEA"
  Assets:US:ETrade:Cash                           -507.19 USD
  Assets:US:ETrade:VEA                                  4 VEA {124.56 USD, 2021-12-16}
  Expenses:Financial:Commissions                     8.95 USD

2021-12-16 * "Buy shares of VHT"
  Assets:US:ETrade:Cash                           -466.67 USD
  Assets:US:ETrade:VHT                                  4 VHT {114.43 USD, 2021-12-16}
  Expenses:Financial:Commissions                     8.95 USD

2021-12-16 * "Buy shares of GLD"
  Assets:US:ETrade:Cash                           -463.33 USD
  Assets:US:ETrade:GLD                                  3 GLD {151.46 USD, 2021-12-16}
  Expenses:Financial:Commissions                     8.95 USD

2021-12-17 * "Dividends on portfolio"
  Assets:US:ETrade:Cash                            163.80 USD
  Income:US:ETrade:VHT:Dividend                   -163.80 USD

2021-12-23 * "Sell shares of ITOT"
  Assets:US:ETrade:ITOT                               -16 ITOT {148.04 USD, 2021-10-20} @ 140.49 USD
  Assets:US:ETrade:Cash                           2238.89 USD
  Expenses:Financial:Commissions                     8.95 USD
  Income:US:ETrade:PnL                             120.80 USD

2021-12-26 * "Buy shares of VHT"
  Assets:US:ETrade:Cash                           -468.11 USD
  Assets:US:ETrade:VHT                                  4 VHT {114.79 USD, 2021-12-26}
  Expenses:Financial:Commissions                     8.95 USD

2021-12-26 * "Buy shares of GLD"
  Assets:US:ETrade:Cash                           -461.11 USD
  Assets:US:ETrade:GLD                                  3 GLD {150.72 USD, 2021-12-26}
  Expenses:Financial:Commissions                     8.95 USD

2021-12-26 * "Buy shares of VEA"
  Assets:US:ETrade:Cash                           -502.91 USD
  Assets:US:ETrade:VEA                                  4 VEA {123.49 USD, 2021-12-26}
  Expenses:Financial:Commissions                     8.95 USD

2021-12-26 * "Buy shares of ITOT"
  Assets:US:ETrade:Cash                           -425.77 USD
  Assets:US:ETrade:ITOT                                 3 ITOT {138.94 USD, 2021-12-26}
  Expenses:Financial:Commissions                     8.95 USD

2021-12-29 * "Sell shares of ITOT"
  Assets:US:ETrade:ITOT                                -8 ITOT {142.67 USD, 2021-11-25} @ 138.94 USD
  Assets:US:ETrade:Cash                           1102.57 USD
  Expenses:Financial:Commissions                     8.95 USD
  Income:US:ETrade:PnL                              29.84 USD

2022-01-01 * "Buy shares of ITOT"
  Assets:US:ETrade:Cash                           -425.05 USD
  Assets:US:ETrade:ITOT                                 3 ITOT {138.70 USD, 2022-01-01}
  Expenses:Financial:Commissions                     8.95 USD

2022-01-01 * "Buy shares of VHT"
  Assets:US:ETrade:Cash                           -461.71 USD
  Assets:US:ETrade:VHT                                  4 VHT {113.19 USD, 2022-01-01}
  Expenses:Financial:Commissions                     8.95 USD

2022-01-01 * "Buy shares of GLD"
  Assets:US:ETrade:Cash                           -463.78 USD
  Assets:US:ETrade:GLD                                  3 GLD {151.61 USD, 2022-01-01}
  Expenses:Financial:Commissions                     8.95 USD

2022-03-18 * "Dividends on portfolio"
  Assets:US:ETrade:Cash                            176.38 USD
  Income:US:ETrade:ITOT:Dividend                  -176.38 USD

2022-03-30 * "Sell shares of VHT"
  Assets:US:ETrade:VHT                                -10 VHT {111.33 USD, 2021-11-25} @ 114.70 USD
  Assets:US:ETrade:Cash                           1138.05 USD
  Expenses:Financial:Commissions                     8.95 USD
  Income:US:ETrade:PnL                             -33.70 USD

2022-04-20 * "Buy shares of ITOT"
  Assets:US:ETrade:Cash                           -279.79 USD
  Assets:US:ETrade:ITOT                                 2 ITOT {135.42 USD, 2022-04-20}
  Expenses:Financial:Commissions                     8.95 USD

2022-04-20 * "Buy shares of VEA"
  Assets:US:ETrade:Cash                           -362.41 USD
  Assets:US:ETrade:VEA                                  3 VEA {117.82 USD, 2022-04-20}
  Expenses:Financial:Commissions                     8.95 USD

2022-04-20 * "Buy shares of VHT"
  Assets:US:ETrade:Cash                           -351.82 USD
  Assets:US:ETrade:VHT                                  3 VHT {114.29 USD, 2022-04-20}
  Expenses:Financial:Commissions                     8.95 USD

2022-04-27 * "Sell shares of ITOT"
  Assets:US:ETrade:ITOT                               -11 ITOT {138.95 USD, 2021-04-26} @ 133.75 USD
  Assets:US:ETrade:Cash                           1462.30 USD
  Expenses:Financial:Commissions                     8.95 USD
  Income:US:ETrade:PnL                              57.20 USD

2022-05-01 * "Sell shares of ITOT"
  Assets:US:ETrade:ITOT                                -3 ITOT {140.91 USD, 2021-12-16} @ 132.41 USD
  Assets:US:ETrade:Cash                            388.28 USD
  Expenses:Financial:Commissions                     8.95 USD
  Income:US:ETrade:PnL                              25.50 USD

2022-05-04 * "Buy shares of GLD"
  Assets:US:ETrade:Cash                          -1088.56 USD
  Assets:US:ETrade:GLD                                  7 GLD {154.23 USD, 2022-05-04}
  Expenses:Financial:Commissions                     8.95 USD

2022-05-04 * "Buy shares of VHT"
  Assets:US:ETrade:Cash                          -1023.52 USD
  Assets:US:ETrade:VHT                                  9 VHT {112.73 USD, 2022-05-04}
  Expenses:Financial:Commissions                     8.95 USD

2022-06-18 * "Dividends on portfolio"
  Assets:US:ETrade:Cash                            188.63 USD
  Income:US:ETrade:VHT:Dividend                   -188.63 USD

2022-07-07 * "Sell shares of VEA"
  Assets:US:ETrade:VEA                                -20 VEA {120.88 USD, 2021-10-20} @ 117.43 USD
  Assets:US:ETrade:Cash                           2339.65 USD
  Expenses:Financial:Commissions                     8.95 USD
  Income:US:ETrade:PnL                              69.00 USD

2022-07-28 * "Buy shares of VHT"
  Assets:US:ETrade:Cash                           -700.57 USD
  Assets:US:ETrade:VHT                                  6 VHT {115.27 USD, 2022-07-28}
  Expenses:Financial:Commissions                     8.95 USD

2022-07-28 * "Buy shares of GLD"
  Assets:US:ETrade:Cash                           -663.27 USD
  Assets:US:ETrade:GLD                                  4 GLD {163.58 USD, 2022-07-28}
  Expenses:Financial:Commissions                     8.95 USD

2022-07-28 * "Buy shares of ITOT"
  Assets:US:ETrade:Cash                           -718.10 USD
  Assets:US:ETrade:ITOT                                 5 ITOT {141.83 USD, 2022-07-28}
  Expenses:Financial:Commissions                     8.95 USD

2022-09-15 * "Buy shares of ITOT"
  Assets:US:ETrade:Cash                          -2166.55 USD
  Assets:US:ETrade:ITOT                                15 ITOT {143.84 USD, 2022-09-15}
  Expenses:Financial:Commissions                     8.95 USD

2022-09-15 * "Buy shares of GLD"
  Assets:US:ETrade:Cash                          -2169.94 USD
  Assets:US:ETrade:GLD                                 13 GLD {166.23 USD, 2022-09-15}
  Expenses:Financial:Commissions                     8.95 USD

2022-09-18 * "Dividends on portfolio"
  Assets:US:ETrade:Cash                            214.12 USD
  Income:US:ETrade:VHT:Dividend                   -214.12 USD

2022-10-08 * "Buy shares of ITOT"
  Assets:US:ETrade:Cash                          -2500.13 USD
  Assets:US:ETrade:ITOT                                17 ITOT {146.54 USD, 2022-10-08}
  Expenses:Financial:Commissions                     8.95 USD

2022-10-08 * "Buy shares of GLD"
  Assets:US:ETrade:Cash                          -2490.85 USD
  Assets:US:ETrade:GLD                                 15 GLD {165.46 USD, 2022-10-08}
  Expenses:Financial:Commissions                     8.95 USD



* Vanguard Investments

2020-01-01 open Assets:US:Vanguard:VBMPX                     VBMPX
  number: "882882"
2020-01-01 open Assets:US:Vanguard:RGAGX                     RGAGX
  number: "882882"
2020-01-01 open Assets:US:Vanguard                            USD
  address: "P.O. Box 1110, Valley Forge, PA 19482-1110"
  institution: "Vanguard Group"
  phone: "+1.800.523.1188"
2020-01-01 open Income:US:Hooli:Match401k                   USD
2020-01-01 open Assets:US:Vanguard:Cash                       USD
  number: "882882"

2020-01-03 * "Employer match for contribution"
  Assets:US:Vanguard:Cash                          600.00 USD
  Income:US:Hooli:Match401k                       -600.00 USD

2020-01-06 * "Investing 40% of cash in VBMPX"
  Assets:US:Vanguard:VBMPX                          2.576 VBMPX {186.34 USD, 2020-01-06}
  Assets:US:Vanguard:Cash                         -480.01 USD

2020-01-06 * "Investing 60% of cash in RGAGX"
  Assets:US:Vanguard:RGAGX                          5.109 RGAGX {140.94 USD, 2020-01-06}
  Assets:US:Vanguard:Cash                         -720.06 USD

2020-01-06 * "Investing 40% of cash in VBMPX"
  Assets:US:Vanguard:VBMPX                          1.288 VBMPX {186.34 USD, 2020-01-06}
  Assets:US:Vanguard:Cash                         -240.01 USD

2020-01-06 * "Investing 60% of cash in RGAGX"
  Assets:US:Vanguard:RGAGX                          2.554 RGAGX {140.94 USD, 2020-01-06}
  Assets:US:Vanguard:Cash                         -359.96 USD

2020-01-17 * "Employer match for contribution"
  Assets:US:Vanguard:Cash                          600.00 USD
  Income:US:Hooli:Match401k                       -600.00 USD

2020-01-20 * "Investing 40% of cash in VBMPX"
  Assets:US:Vanguard:VBMPX                          2.552 VBMPX {188.10 USD, 2020-01-20}
  Assets:US:Vanguard:Cash                         -480.03 USD

2020-01-20 * "Investing 60% of cash in RGAGX"
  Assets:US:Vanguard:RGAGX                          5.232 RGAGX {137.61 USD, 2020-01-20}
  Assets:US:Vanguard:Cash                         -719.98 USD

2020-01-20 * "Investing 40% of cash in VBMPX"
  Assets:US:Vanguard:VBMPX                          1.276 VBMPX {188.10 USD, 2020-01-20}
  Assets:US:Vanguard:Cash                         -240.02 USD

2020-01-20 * "Investing 60% of cash in RGAGX"
  Assets:US:Vanguard:RGAGX                          2.616 RGAGX {137.61 USD, 2020-01-20}
  Assets:US:Vanguard:Cash                         -359.99 USD

2020-01-31 * "Employer match for contribution"
  Assets:US:Vanguard:Cash                          600.00 USD
  Income:US:Hooli:Match401k                       -600.00 USD

2020-02-03 * "Investing 40% of cash in VBMPX"
  Assets:US:Vanguard:VBMPX                          2.635 VBMPX {182.16 USD, 2020-02-03}
  Assets:US:Vanguard:Cash                         -479.99 USD

2020-02-03 * "Investing 60% of cash in RGAGX"
  Assets:US:Vanguard:RGAGX                          5.103 RGAGX {141.09 USD, 2020-02-03}
  Assets:US:Vanguard:Cash                         -719.98 USD

2020-02-03 * "Investing 40% of cash in VBMPX"
  Assets:US:Vanguard:VBMPX                          1.317 VBMPX {182.16 USD, 2020-02-03}
  Assets:US:Vanguard:Cash                         -239.90 USD

2020-02-03 * "Investing 60% of cash in RGAGX"
  Assets:US:Vanguard:RGAGX                          2.551 RGAGX {141.09 USD, 2020-02-03}
  Assets:US:Vanguard:Cash                         -359.92 USD

2020-02-14 * "Employer match for contribution"
  Assets:US:Vanguard:Cash                          600.00 USD
  Income:US:Hooli:Match401k                       -600.00 USD

2020-02-17 * "Investing 40% of cash in VBMPX"
  Assets:US:Vanguard:VBMPX                          2.649 VBMPX {181.20 USD, 2020-02-17}
  Assets:US:Vanguard:Cash                         -480.00 USD

2020-02-17 * "Investing 60% of cash in RGAGX"
  Assets:US:Vanguard:RGAGX                          5.183 RGAGX {138.94 USD, 2020-02-17}
  Assets:US:Vanguard:Cash                         -720.13 USD

2020-02-17 * "Investing 40% of cash in VBMPX"
  Assets:US:Vanguard:VBMPX                          1.325 VBMPX {181.20 USD, 2020-02-17}
  Assets:US:Vanguard:Cash                         -240.09 USD

2020-02-17 * "Investing 60% of cash in RGAGX"
  Assets:US:Vanguard:RGAGX                          2.591 RGAGX {138.94 USD, 2020-02-17}
  Assets:US:Vanguard:Cash                         -359.99 USD

2020-02-28 * "Employer match for contribution"
  Assets:US:Vanguard:Cash                          600.00 USD
  Income:US:Hooli:Match401k                       -600.00 USD

2020-03-02 * "Investing 40% of cash in VBMPX"
  Assets:US:Vanguard:VBMPX                          2.572 VBMPX {186.60 USD, 2020-03-02}
  Assets:US:Vanguard:Cash                         -479.94 USD

2020-03-02 * "Investing 60% of cash in RGAGX"
  Assets:US:Vanguard:RGAGX                          5.249 RGAGX {137.16 USD, 2020-03-02}
  Assets:US:Vanguard:Cash                         -719.95 USD

2020-03-02 * "Investing 40% of cash in VBMPX"
  Assets:US:Vanguard:VBMPX                          1.286 VBMPX {186.60 USD, 2020-03-02}
  Assets:US:Vanguard:Cash                         -239.97 USD

2020-03-02 * "Investing 60% of cash in RGAGX"
  Assets:US:Vanguard:RGAGX                          2.625 RGAGX {137.16 USD, 2020-03-02}
  Assets:US:Vanguard:Cash                         -360.04 USD

2020-03-13 * "Employer match for contribution"
  Assets:US:Vanguard:Cash                          600.00 USD
  Income:US:Hooli:Match401k                       -600.00 USD

2020-03-16 * "Investing 40% of cash in VBMPX"
  Assets:US:Vanguard:VBMPX                          2.594 VBMPX {185.05 USD, 2020-03-16}
  Assets:US:Vanguard:Cash                         -480.02 USD

2020-03-16 * "Investing 60% of cash in RGAGX"
  Assets:US:Vanguard:RGAGX                          5.305 RGAGX {135.73 USD, 2020-03-16}
  Assets:US:Vanguard:Cash                         -720.05 USD

2020-03-16 * "Investing 40% of cash in VBMPX"
  Assets:US:Vanguard:VBMPX                          1.297 VBMPX {185.05 USD, 2020-03-16}
  Assets:US:Vanguard:Cash                         -240.01 USD

2020-03-16 * "Investing 60% of cash in RGAGX"
  Assets:US:Vanguard:RGAGX                          2.652 RGAGX {135.73 USD, 2020-03-16}
  Assets:US:Vanguard:Cash                         -359.96 USD

2020-03-27 * "Employer match for contribution"
  Assets:US:Vanguard:Cash                          600.00 USD
  Income:US:Hooli:Match401k                       -600.00 USD

2020-03-30 * "Investing 40% of cash in VBMPX"
  Assets:US:Vanguard:VBMPX                          2.672 VBMPX {179.65 USD, 2020-03-30}
  Assets:US:Vanguard:Cash                         -480.02 USD

2020-03-30 * "Investing 60% of cash in RGAGX"
  Assets:US:Vanguard:RGAGX                          5.203 RGAGX {138.37 USD, 2020-03-30}
  Assets:US:Vanguard:Cash                         -719.94 USD

2020-03-30 * "Investing 40% of cash in VBMPX"
  Assets:US:Vanguard:VBMPX                          1.336 VBMPX {179.65 USD, 2020-03-30}
  Assets:US:Vanguard:Cash                         -240.01 USD

2020-03-30 * "Investing 60% of cash in RGAGX"
  Assets:US:Vanguard:RGAGX                          2.602 RGAGX {138.37 USD, 2020-03-30}
  Assets:US:Vanguard:Cash                         -360.04 USD

2020-04-10 * "Employer match for contribution"
  Assets:US:Vanguard:Cash                          600.00 USD
  Income:US:Hooli:Match401k                       -600.00 USD

2020-04-13 * "Investing 40% of cash in VBMPX"
  Assets:US:Vanguard:VBMPX                          2.670 VBMPX {179.78 USD, 2020-04-13}
  Assets:US:Vanguard:Cash                         -480.01 USD

2020-04-13 * "Investing 60% of cash in RGAGX"
  Assets:US:Vanguard:RGAGX                          5.060 RGAGX {142.29 USD, 2020-04-13}
  Assets:US:Vanguard:Cash                         -719.99 USD

2020-04-13 * "Investing 40% of cash in VBMPX"
  Assets:US:Vanguard:VBMPX                          1.335 VBMPX {179.78 USD, 2020-04-13}
  Assets:US:Vanguard:Cash                         -240.01 USD

2020-04-13 * "Investing 60% of cash in RGAGX"
  Assets:US:Vanguard:RGAGX                          2.530 RGAGX {142.29 USD, 2020-04-13}
  Assets:US:Vanguard:Cash                         -359.99 USD

2020-04-24 * "Employer match for contribution"
  Assets:US:Vanguard:Cash                          600.00 USD
  Income:US:Hooli:Match401k                       -600.00 USD

2020-04-27 * "Investing 40% of cash in VBMPX"
  Assets:US:Vanguard:VBMPX                          2.625 VBMPX {182.87 USD, 2020-04-27}
  Assets:US:Vanguard:Cash                         -480.03 USD

2020-04-27 * "Investing 60% of cash in RGAGX"
  Assets:US:Vanguard:RGAGX                          5.006 RGAGX {143.82 USD, 2020-04-27}
  Assets:US:Vanguard:Cash                         -719.96 USD

2020-04-27 * "Investing 40% of cash in VBMPX"
  Assets:US:Vanguard:VBMPX                          1.312 VBMPX {182.87 USD, 2020-04-27}
  Assets:US:Vanguard:Cash                         -239.93 USD

2020-04-27 * "Investing 60% of cash in RGAGX"
  Assets:US:Vanguard:RGAGX                          2.503 RGAGX {143.82 USD, 2020-04-27}
  Assets:US:Vanguard:Cash                         -359.98 USD

2020-05-08 * "Employer match for contribution"
  Assets:US:Vanguard:Cash                          600.00 USD
  Income:US:Hooli:Match401k                       -600.00 USD

2020-05-11 * "Investing 40% of cash in VBMPX"
  Assets:US:Vanguard:VBMPX                          2.590 VBMPX {185.31 USD, 2020-05-11}
  Assets:US:Vanguard:Cash                         -479.95 USD

2020-05-11 * "Investing 60% of cash in RGAGX"
  Assets:US:Vanguard:RGAGX                          5.040 RGAGX {142.87 USD, 2020-05-11}
  Assets:US:Vanguard:Cash                         -720.06 USD

2020-05-11 * "Investing 40% of cash in VBMPX"
  Assets:US:Vanguard:VBMPX                          1.295 VBMPX {185.31 USD, 2020-05-11}
  Assets:US:Vanguard:Cash                         -239.98 USD

2020-05-11 * "Investing 60% of cash in RGAGX"
  Assets:US:Vanguard:RGAGX                          2.520 RGAGX {142.87 USD, 2020-05-11}
  Assets:US:Vanguard:Cash                         -360.03 USD

2020-05-22 * "Employer match for contribution"
  Assets:US:Vanguard:Cash                          600.00 USD
  Income:US:Hooli:Match401k                       -600.00 USD

2020-05-25 * "Investing 40% of cash in VBMPX"
  Assets:US:Vanguard:VBMPX                          2.501 VBMPX {191.97 USD, 2020-05-25}
  Assets:US:Vanguard:Cash                         -480.12 USD

2020-05-25 * "Investing 60% of cash in RGAGX"
  Assets:US:Vanguard:RGAGX                          4.903 RGAGX {146.85 USD, 2020-05-25}
  Assets:US:Vanguard:Cash                         -720.01 USD

2020-05-25 * "Investing 40% of cash in VBMPX"
  Assets:US:Vanguard:VBMPX                          1.250 VBMPX {191.97 USD, 2020-05-25}
  Assets:US:Vanguard:Cash                         -239.96 USD

2020-05-25 * "Investing 60% of cash in RGAGX"
  Assets:US:Vanguard:RGAGX                          2.451 RGAGX {146.85 USD, 2020-05-25}
  Assets:US:Vanguard:Cash                         -359.93 USD

2020-06-05 * "Employer match for contribution"
  Assets:US:Vanguard:Cash                          600.00 USD
  Income:US:Hooli:Match401k                       -600.00 USD

2020-06-08 * "Investing 40% of cash in VBMPX"
  Assets:US:Vanguard:VBMPX                          2.571 VBMPX {186.67 USD, 2020-06-08}
  Assets:US:Vanguard:Cash                         -479.93 USD

2020-06-08 * "Investing 60% of cash in RGAGX"
  Assets:US:Vanguard:RGAGX                          4.862 RGAGX {148.10 USD, 2020-06-08}
  Assets:US:Vanguard:Cash                         -720.06 USD

2020-06-08 * "Investing 40% of cash in VBMPX"
  Assets:US:Vanguard:VBMPX                          1.286 VBMPX {186.67 USD, 2020-06-08}
  Assets:US:Vanguard:Cash                         -240.06 USD

2020-06-08 * "Investing 60% of cash in RGAGX"
  Assets:US:Vanguard:RGAGX                          2.431 RGAGX {148.10 USD, 2020-06-08}
  Assets:US:Vanguard:Cash                         -360.03 USD

2020-06-19 * "Employer match for contribution"
  Assets:US:Vanguard:Cash                          600.00 USD
  Income:US:Hooli:Match401k                       -600.00 USD

2020-06-22 * "Investing 40% of cash in VBMPX"
  Assets:US:Vanguard:VBMPX                          2.598 VBMPX {184.76 USD, 2020-06-22}
  Assets:US:Vanguard:Cash                         -480.01 USD

2020-06-22 * "Investing 60% of cash in RGAGX"
  Assets:US:Vanguard:RGAGX                          4.916 RGAGX {146.47 USD, 2020-06-22}
  Assets:US:Vanguard:Cash                         -720.05 USD

2020-06-22 * "Investing 40% of cash in VBMPX"
  Assets:US:Vanguard:VBMPX                          1.299 VBMPX {184.76 USD, 2020-06-22}
  Assets:US:Vanguard:Cash                         -240.00 USD

2020-06-22 * "Investing 60% of cash in RGAGX"
  Assets:US:Vanguard:RGAGX                          2.457 RGAGX {146.47 USD, 2020-06-22}
  Assets:US:Vanguard:Cash                         -359.88 USD

2020-07-03 * "Employer match for contribution"
  Assets:US:Vanguard:Cash                          600.00 USD
  Income:US:Hooli:Match401k                       -600.00 USD

2020-07-06 * "Investing 40% of cash in VBMPX"
  Assets:US:Vanguard:VBMPX                          2.625 VBMPX {182.84 USD, 2020-07-06}
  Assets:US:Vanguard:Cash                         -479.96 USD

2020-07-06 * "Investing 60% of cash in RGAGX"
  Assets:US:Vanguard:RGAGX                          5.165 RGAGX {139.39 USD, 2020-07-06}
  Assets:US:Vanguard:Cash                         -719.95 USD

2020-07-06 * "Investing 40% of cash in VBMPX"
  Assets:US:Vanguard:VBMPX                          1.313 VBMPX {182.84 USD, 2020-07-06}
  Assets:US:Vanguard:Cash                         -240.07 USD

2020-07-06 * "Investing 60% of cash in RGAGX"
  Assets:US:Vanguard:RGAGX                          2.583 RGAGX {139.39 USD, 2020-07-06}
  Assets:US:Vanguard:Cash                         -360.04 USD

2020-07-17 * "Employer match for contribution"
  Assets:US:Vanguard:Cash                          600.00 USD
  Income:US:Hooli:Match401k                       -600.00 USD

2020-07-20 * "Investing 40% of cash in VBMPX"
  Assets:US:Vanguard:VBMPX                          2.552 VBMPX {188.11 USD, 2020-07-20}
  Assets:US:Vanguard:Cash                         -480.06 USD

2020-07-20 * "Investing 60% of cash in RGAGX"
  Assets:US:Vanguard:RGAGX                          5.050 RGAGX {142.57 USD, 2020-07-20}
  Assets:US:Vanguard:Cash                         -719.98 USD

2020-07-20 * "Investing 40% of cash in VBMPX"
  Assets:US:Vanguard:VBMPX                          1.276 VBMPX {188.11 USD, 2020-07-20}
  Assets:US:Vanguard:Cash                         -240.03 USD

2020-07-20 * "Investing 60% of cash in RGAGX"
  Assets:US:Vanguard:RGAGX                          2.525 RGAGX {142.57 USD, 2020-07-20}
  Assets:US:Vanguard:Cash                         -359.99 USD

2020-07-31 * "Employer match for contribution"
  Assets:US:Vanguard:Cash                          250.00 USD
  Income:US:Hooli:Match401k                       -250.00 USD

2020-08-03 * "Investing 40% of cash in VBMPX"
  Assets:US:Vanguard:VBMPX                          1.074 VBMPX {186.18 USD, 2020-08-03}
  Assets:US:Vanguard:Cash                         -199.96 USD

2020-08-03 * "Investing 60% of cash in RGAGX"
  Assets:US:Vanguard:RGAGX                          2.018 RGAGX {148.64 USD, 2020-08-03}
  Assets:US:Vanguard:Cash                         -299.96 USD

2020-08-03 * "Investing 40% of cash in VBMPX"
  Assets:US:Vanguard:VBMPX                          0.537 VBMPX {186.18 USD, 2020-08-03}
  Assets:US:Vanguard:Cash                          -99.98 USD

2020-08-03 * "Investing 60% of cash in RGAGX"
  Assets:US:Vanguard:RGAGX                          1.009 RGAGX {148.64 USD, 2020-08-03}
  Assets:US:Vanguard:Cash                         -149.98 USD

2021-01-15 * "Employer match for contribution"
  Assets:US:Vanguard:Cash                          600.00 USD
  Income:US:Hooli:Match401k                       -600.00 USD

2021-01-18 * "Investing 40% of cash in VBMPX"
  Assets:US:Vanguard:VBMPX                          2.719 VBMPX {176.53 USD, 2021-01-18}
  Assets:US:Vanguard:Cash                         -479.99 USD

2021-01-18 * "Investing 60% of cash in RGAGX"
  Assets:US:Vanguard:RGAGX                          4.284 RGAGX {168.08 USD, 2021-01-18}
  Assets:US:Vanguard:Cash                         -720.05 USD

2021-01-18 * "Investing 40% of cash in VBMPX"
  Assets:US:Vanguard:VBMPX                          1.360 VBMPX {176.53 USD, 2021-01-18}
  Assets:US:Vanguard:Cash                         -240.08 USD

2021-01-18 * "Investing 60% of cash in RGAGX"
  Assets:US:Vanguard:RGAGX                          2.142 RGAGX {168.08 USD, 2021-01-18}
  Assets:US:Vanguard:Cash                         -360.03 USD

2021-01-29 * "Employer match for contribution"
  Assets:US:Vanguard:Cash                          600.00 USD
  Income:US:Hooli:Match401k                       -600.00 USD

2021-02-01 * "Investing 40% of cash in VBMPX"
  Assets:US:Vanguard:VBMPX                          2.629 VBMPX {182.55 USD, 2021-02-01}
  Assets:US:Vanguard:Cash                         -479.92 USD

2021-02-01 * "Investing 60% of cash in RGAGX"
  Assets:US:Vanguard:RGAGX                          4.257 RGAGX {169.11 USD, 2021-02-01}
  Assets:US:Vanguard:Cash                         -719.90 USD

2021-02-01 * "Investing 40% of cash in VBMPX"
  Assets:US:Vanguard:VBMPX                          1.315 VBMPX {182.55 USD, 2021-02-01}
  Assets:US:Vanguard:Cash                         -240.05 USD

2021-02-01 * "Investing 60% of cash in RGAGX"
  Assets:US:Vanguard:RGAGX                          2.129 RGAGX {169.11 USD, 2021-02-01}
  Assets:US:Vanguard:Cash                         -360.04 USD

2021-02-12 * "Employer match for contribution"
  Assets:US:Vanguard:Cash                          600.00 USD
  Income:US:Hooli:Match401k                       -600.00 USD

2021-02-15 * "Investing 40% of cash in VBMPX"
  Assets:US:Vanguard:VBMPX                          2.592 VBMPX {185.18 USD, 2021-02-15}
  Assets:US:Vanguard:Cash                         -479.99 USD

2021-02-15 * "Investing 60% of cash in RGAGX"
  Assets:US:Vanguard:RGAGX                          4.108 RGAGX {175.27 USD, 2021-02-15}
  Assets:US:Vanguard:Cash                         -720.01 USD

2021-02-15 * "Investing 40% of cash in VBMPX"
  Assets:US:Vanguard:VBMPX                          1.296 VBMPX {185.18 USD, 2021-02-15}
  Assets:US:Vanguard:Cash                         -239.99 USD

2021-02-15 * "Investing 60% of cash in RGAGX"
  Assets:US:Vanguard:RGAGX                          2.054 RGAGX {175.27 USD, 2021-02-15}
  Assets:US:Vanguard:Cash                         -360.00 USD

2021-02-26 * "Employer match for contribution"
  Assets:US:Vanguard:Cash                          600.00 USD
  Income:US:Hooli:Match401k                       -600.00 USD

2021-03-01 * "Investing 40% of cash in VBMPX"
  Assets:US:Vanguard:VBMPX                          2.598 VBMPX {184.79 USD, 2021-03-01}
  Assets:US:Vanguard:Cash                         -480.08 USD

2021-03-01 * "Investing 60% of cash in RGAGX"
  Assets:US:Vanguard:RGAGX                          4.141 RGAGX {173.89 USD, 2021-03-01}
  Assets:US:Vanguard:Cash                         -720.08 USD

2021-03-01 * "Investing 40% of cash in VBMPX"
  Assets:US:Vanguard:VBMPX                          1.298 VBMPX {184.79 USD, 2021-03-01}
  Assets:US:Vanguard:Cash                         -239.86 USD

2021-03-01 * "Investing 60% of cash in RGAGX"
  Assets:US:Vanguard:RGAGX                          2.070 RGAGX {173.89 USD, 2021-03-01}
  Assets:US:Vanguard:Cash                         -359.95 USD

2021-03-12 * "Employer match for contribution"
  Assets:US:Vanguard:Cash                          600.00 USD
  Income:US:Hooli:Match401k                       -600.00 USD

2021-03-15 * "Investing 40% of cash in VBMPX"
  Assets:US:Vanguard:VBMPX                          2.618 VBMPX {183.35 USD, 2021-03-15}
  Assets:US:Vanguard:Cash                         -480.01 USD

2021-03-15 * "Investing 60% of cash in RGAGX"
  Assets:US:Vanguard:RGAGX                          4.208 RGAGX {171.13 USD, 2021-03-15}
  Assets:US:Vanguard:Cash                         -720.12 USD

2021-03-15 * "Investing 40% of cash in VBMPX"
  Assets:US:Vanguard:VBMPX                          1.309 VBMPX {183.35 USD, 2021-03-15}
  Assets:US:Vanguard:Cash                         -240.01 USD

2021-03-15 * "Investing 60% of cash in RGAGX"
  Assets:US:Vanguard:RGAGX                          2.103 RGAGX {171.13 USD, 2021-03-15}
  Assets:US:Vanguard:Cash                         -359.89 USD

2021-03-26 * "Employer match for contribution"
  Assets:US:Vanguard:Cash                          600.00 USD
  Income:US:Hooli:Match401k                       -600.00 USD

2021-03-29 * "Investing 40% of cash in VBMPX"
  Assets:US:Vanguard:VBMPX                          2.622 VBMPX {183.08 USD, 2021-03-29}
  Assets:US:Vanguard:Cash                         -480.04 USD

2021-03-29 * "Investing 60% of cash in RGAGX"
  Assets:US:Vanguard:RGAGX                          4.266 RGAGX {168.76 USD, 2021-03-29}
  Assets:US:Vanguard:Cash                         -719.93 USD

2021-03-29 * "Investing 40% of cash in VBMPX"
  Assets:US:Vanguard:VBMPX                          1.311 VBMPX {183.08 USD, 2021-03-29}
  Assets:US:Vanguard:Cash                         -240.02 USD

2021-03-29 * "Investing 60% of cash in RGAGX"
  Assets:US:Vanguard:RGAGX                          2.133 RGAGX {168.76 USD, 2021-03-29}
  Assets:US:Vanguard:Cash                         -359.97 USD

2021-04-09 * "Employer match for contribution"
  Assets:US:Vanguard:Cash                          600.00 USD
  Income:US:Hooli:Match401k                       -600.00 USD

2021-04-12 * "Investing 40% of cash in VBMPX"
  Assets:US:Vanguard:VBMPX                          2.607 VBMPX {184.16 USD, 2021-04-12}
  Assets:US:Vanguard:Cash                         -480.11 USD

2021-04-12 * "Investing 60% of cash in RGAGX"
  Assets:US:Vanguard:RGAGX                          4.428 RGAGX {162.60 USD, 2021-04-12}
  Assets:US:Vanguard:Cash                         -719.99 USD

2021-04-12 * "Investing 40% of cash in VBMPX"
  Assets:US:Vanguard:VBMPX                          1.303 VBMPX {184.16 USD, 2021-04-12}
  Assets:US:Vanguard:Cash                         -239.96 USD

2021-04-12 * "Investing 60% of cash in RGAGX"
  Assets:US:Vanguard:RGAGX                          2.214 RGAGX {162.60 USD, 2021-04-12}
  Assets:US:Vanguard:Cash                         -360.00 USD

2021-04-23 * "Employer match for contribution"
  Assets:US:Vanguard:Cash                          600.00 USD
  Income:US:Hooli:Match401k                       -600.00 USD

2021-04-26 * "Investing 40% of cash in VBMPX"
  Assets:US:Vanguard:VBMPX                          2.641 VBMPX {181.77 USD, 2021-04-26}
  Assets:US:Vanguard:Cash                         -480.05 USD

2021-04-26 * "Investing 60% of cash in RGAGX"
  Assets:US:Vanguard:RGAGX                          4.430 RGAGX {162.53 USD, 2021-04-26}
  Assets:US:Vanguard:Cash                         -720.01 USD

2021-04-26 * "Investing 40% of cash in VBMPX"
  Assets:US:Vanguard:VBMPX                          1.320 VBMPX {181.77 USD, 2021-04-26}
  Assets:US:Vanguard:Cash                         -239.94 USD

2021-04-26 * "Investing 60% of cash in RGAGX"
  Assets:US:Vanguard:RGAGX                          2.215 RGAGX {162.53 USD, 2021-04-26}
  Assets:US:Vanguard:Cash                         -360.00 USD

2021-05-07 * "Employer match for contribution"
  Assets:US:Vanguard:Cash                          600.00 USD
  Income:US:Hooli:Match401k                       -600.00 USD

2021-05-10 * "Investing 40% of cash in VBMPX"
  Assets:US:Vanguard:VBMPX                          2.599 VBMPX {184.67 USD, 2021-05-10}
  Assets:US:Vanguard:Cash                         -479.96 USD

2021-05-10 * "Investing 60% of cash in RGAGX"
  Assets:US:Vanguard:RGAGX                          4.618 RGAGX {155.92 USD, 2021-05-10}
  Assets:US:Vanguard:Cash                         -720.04 USD

2021-05-10 * "Investing 40% of cash in VBMPX"
  Assets:US:Vanguard:VBMPX                          1.300 VBMPX {184.67 USD, 2021-05-10}
  Assets:US:Vanguard:Cash                         -240.07 USD

2021-05-10 * "Investing 60% of cash in RGAGX"
  Assets:US:Vanguard:RGAGX                          2.309 RGAGX {155.92 USD, 2021-05-10}
  Assets:US:Vanguard:Cash                         -360.02 USD

2021-05-21 * "Employer match for contribution"
  Assets:US:Vanguard:Cash                          600.00 USD
  Income:US:Hooli:Match401k                       -600.00 USD

2021-05-24 * "Investing 40% of cash in VBMPX"
  Assets:US:Vanguard:VBMPX                          2.592 VBMPX {185.14 USD, 2021-05-24}
  Assets:US:Vanguard:Cash                         -479.88 USD

2021-05-24 * "Investing 60% of cash in RGAGX"
  Assets:US:Vanguard:RGAGX                          4.802 RGAGX {149.93 USD, 2021-05-24}
  Assets:US:Vanguard:Cash                         -719.96 USD

2021-05-24 * "Investing 40% of cash in VBMPX"
  Assets:US:Vanguard:VBMPX                          1.296 VBMPX {185.14 USD, 2021-05-24}
  Assets:US:Vanguard:Cash                         -239.94 USD

2021-05-24 * "Investing 60% of cash in RGAGX"
  Assets:US:Vanguard:RGAGX                          2.401 RGAGX {149.93 USD, 2021-05-24}
  Assets:US:Vanguard:Cash                         -359.98 USD

2021-06-04 * "Employer match for contribution"
  Assets:US:Vanguard:Cash                          600.00 USD
  Income:US:Hooli:Match401k                       -600.00 USD

2021-06-07 * "Investing 40% of cash in VBMPX"
  Assets:US:Vanguard:VBMPX                          2.600 VBMPX {184.61 USD, 2021-06-07}
  Assets:US:Vanguard:Cash                         -479.99 USD

2021-06-07 * "Investing 60% of cash in RGAGX"
  Assets:US:Vanguard:RGAGX                          4.688 RGAGX {153.60 USD, 2021-06-07}
  Assets:US:Vanguard:Cash                         -720.08 USD

2021-06-07 * "Investing 40% of cash in VBMPX"
  Assets:US:Vanguard:VBMPX                          1.300 VBMPX {184.61 USD, 2021-06-07}
  Assets:US:Vanguard:Cash                         -239.99 USD

2021-06-07 * "Investing 60% of cash in RGAGX"
  Assets:US:Vanguard:RGAGX                          2.344 RGAGX {153.60 USD, 2021-06-07}
  Assets:US:Vanguard:Cash                         -360.04 USD

2021-06-18 * "Employer match for contribution"
  Assets:US:Vanguard:Cash                          600.00 USD
  Income:US:Hooli:Match401k                       -600.00 USD

2021-06-21 * "Investing 40% of cash in VBMPX"
  Assets:US:Vanguard:VBMPX                          2.553 VBMPX {188.02 USD, 2021-06-21}
  Assets:US:Vanguard:Cash                         -480.02 USD

2021-06-21 * "Investing 60% of cash in RGAGX"
  Assets:US:Vanguard:RGAGX                          4.954 RGAGX {145.33 USD, 2021-06-21}
  Assets:US:Vanguard:Cash                         -719.96 USD

2021-06-21 * "Investing 40% of cash in VBMPX"
  Assets:US:Vanguard:VBMPX                          1.277 VBMPX {188.02 USD, 2021-06-21}
  Assets:US:Vanguard:Cash                         -240.10 USD

2021-06-21 * "Investing 60% of cash in RGAGX"
  Assets:US:Vanguard:RGAGX                          2.477 RGAGX {145.33 USD, 2021-06-21}
  Assets:US:Vanguard:Cash                         -359.98 USD

2021-07-02 * "Employer match for contribution"
  Assets:US:Vanguard:Cash                          600.00 USD
  Income:US:Hooli:Match401k                       -600.00 USD

2021-07-05 * "Investing 40% of cash in VBMPX"
  Assets:US:Vanguard:VBMPX                          2.540 VBMPX {188.99 USD, 2021-07-05}
  Assets:US:Vanguard:Cash                         -480.03 USD

2021-07-05 * "Investing 60% of cash in RGAGX"
  Assets:US:Vanguard:RGAGX                          4.796 RGAGX {150.12 USD, 2021-07-05}
  Assets:US:Vanguard:Cash                         -719.98 USD

2021-07-05 * "Investing 40% of cash in VBMPX"
  Assets:US:Vanguard:VBMPX                          1.270 VBMPX {188.99 USD, 2021-07-05}
  Assets:US:Vanguard:Cash                         -240.02 USD

2021-07-05 * "Investing 60% of cash in RGAGX"
  Assets:US:Vanguard:RGAGX                          2.398 RGAGX {150.12 USD, 2021-07-05}
  Assets:US:Vanguard:Cash                         -359.99 USD

2021-07-16 * "Employer match for contribution"
  Assets:US:Vanguard:Cash                          600.00 USD
  Income:US:Hooli:Match401k                       -600.00 USD

2021-07-19 * "Investing 40% of cash in VBMPX"
  Assets:US:Vanguard:VBMPX                          2.491 VBMPX {192.72 USD, 2021-07-19}
  Assets:US:Vanguard:Cash                         -480.07 USD

2021-07-19 * "Investing 60% of cash in RGAGX"
  Assets:US:Vanguard:RGAGX                          4.933 RGAGX {145.96 USD, 2021-07-19}
  Assets:US:Vanguard:Cash                         -720.02 USD

2021-07-19 * "Investing 40% of cash in VBMPX"
  Assets:US:Vanguard:VBMPX                          1.245 VBMPX {192.72 USD, 2021-07-19}
  Assets:US:Vanguard:Cash                         -239.94 USD

2021-07-19 * "Investing 60% of cash in RGAGX"
  Assets:US:Vanguard:RGAGX                          2.466 RGAGX {145.96 USD, 2021-07-19}
  Assets:US:Vanguard:Cash                         -359.94 USD

2021-07-30 * "Employer match for contribution"
  Assets:US:Vanguard:Cash                          600.00 USD
  Income:US:Hooli:Match401k                       -600.00 USD

2021-08-02 * "Investing 40% of cash in VBMPX"
  Assets:US:Vanguard:VBMPX                          2.442 VBMPX {196.53 USD, 2021-08-02}
  Assets:US:Vanguard:Cash                         -479.93 USD

2021-08-02 * "Investing 60% of cash in RGAGX"
  Assets:US:Vanguard:RGAGX                          4.801 RGAGX {149.96 USD, 2021-08-02}
  Assets:US:Vanguard:Cash                         -719.96 USD

2021-08-02 * "Investing 40% of cash in VBMPX"
  Assets:US:Vanguard:VBMPX                          1.221 VBMPX {196.53 USD, 2021-08-02}
  Assets:US:Vanguard:Cash                         -239.96 USD

2021-08-02 * "Investing 60% of cash in RGAGX"
  Assets:US:Vanguard:RGAGX                          2.401 RGAGX {149.96 USD, 2021-08-02}
  Assets:US:Vanguard:Cash                         -360.05 USD

2021-08-13 * "Employer match for contribution"
  Assets:US:Vanguard:Cash                          250.00 USD
  Income:US:Hooli:Match401k                       -250.00 USD

2021-08-16 * "Investing 40% of cash in VBMPX"
  Assets:US:Vanguard:VBMPX                          1.025 VBMPX {195.10 USD, 2021-08-16}
  Assets:US:Vanguard:Cash                         -199.98 USD

2021-08-16 * "Investing 60% of cash in RGAGX"
  Assets:US:Vanguard:RGAGX                          2.008 RGAGX {149.45 USD, 2021-08-16}
  Assets:US:Vanguard:Cash                         -300.10 USD

2021-08-16 * "Investing 40% of cash in VBMPX"
  Assets:US:Vanguard:VBMPX                          0.513 VBMPX {195.10 USD, 2021-08-16}
  Assets:US:Vanguard:Cash                         -100.09 USD

2021-08-16 * "Investing 60% of cash in RGAGX"
  Assets:US:Vanguard:RGAGX                          1.004 RGAGX {149.45 USD, 2021-08-16}
  Assets:US:Vanguard:Cash                         -150.05 USD

2022-01-14 * "Employer match for contribution"
  Assets:US:Vanguard:Cash                          600.00 USD
  Income:US:Hooli:Match401k                       -600.00 USD

2022-01-17 * "Investing 40% of cash in VBMPX"
  Assets:US:Vanguard:VBMPX                          2.411 VBMPX {199.03 USD, 2022-01-17}
  Assets:US:Vanguard:Cash                         -479.86 USD

2022-01-17 * "Investing 60% of cash in RGAGX"
  Assets:US:Vanguard:RGAGX                          5.783 RGAGX {124.50 USD, 2022-01-17}
  Assets:US:Vanguard:Cash                         -719.98 USD

2022-01-17 * "Investing 40% of cash in VBMPX"
  Assets:US:Vanguard:VBMPX                          1.206 VBMPX {199.03 USD, 2022-01-17}
  Assets:US:Vanguard:Cash                         -240.03 USD

2022-01-17 * "Investing 60% of cash in RGAGX"
  Assets:US:Vanguard:RGAGX                          2.892 RGAGX {124.50 USD, 2022-01-17}
  Assets:US:Vanguard:Cash                         -360.05 USD

2022-01-28 * "Employer match for contribution"
  Assets:US:Vanguard:Cash                          600.00 USD
  Income:US:Hooli:Match401k                       -600.00 USD

2022-01-31 * "Investing 40% of cash in VBMPX"
  Assets:US:Vanguard:VBMPX                          2.471 VBMPX {194.28 USD, 2022-01-31}
  Assets:US:Vanguard:Cash                         -480.07 USD

2022-01-31 * "Investing 60% of cash in RGAGX"
  Assets:US:Vanguard:RGAGX                          5.841 RGAGX {123.27 USD, 2022-01-31}
  Assets:US:Vanguard:Cash                         -720.02 USD

2022-01-31 * "Investing 40% of cash in VBMPX"
  Assets:US:Vanguard:VBMPX                          1.235 VBMPX {194.28 USD, 2022-01-31}
  Assets:US:Vanguard:Cash                         -239.94 USD

2022-01-31 * "Investing 60% of cash in RGAGX"
  Assets:US:Vanguard:RGAGX                          2.920 RGAGX {123.27 USD, 2022-01-31}
  Assets:US:Vanguard:Cash                         -359.95 USD

2022-02-11 * "Employer match for contribution"
  Assets:US:Vanguard:Cash                          600.00 USD
  Income:US:Hooli:Match401k                       -600.00 USD

2022-02-14 * "Investing 40% of cash in VBMPX"
  Assets:US:Vanguard:VBMPX                          2.440 VBMPX {196.73 USD, 2022-02-14}
  Assets:US:Vanguard:Cash                         -480.02 USD

2022-02-14 * "Investing 60% of cash in RGAGX"
  Assets:US:Vanguard:RGAGX                          5.949 RGAGX {121.02 USD, 2022-02-14}
  Assets:US:Vanguard:Cash                         -719.95 USD

2022-02-14 * "Investing 40% of cash in VBMPX"
  Assets:US:Vanguard:VBMPX                          1.220 VBMPX {196.73 USD, 2022-02-14}
  Assets:US:Vanguard:Cash                         -240.01 USD

2022-02-14 * "Investing 60% of cash in RGAGX"
  Assets:US:Vanguard:RGAGX                          2.975 RGAGX {121.02 USD, 2022-02-14}
  Assets:US:Vanguard:Cash                         -360.03 USD

2022-02-25 * "Employer match for contribution"
  Assets:US:Vanguard:Cash                          600.00 USD
  Income:US:Hooli:Match401k                       -600.00 USD

2022-02-28 * "Investing 40% of cash in VBMPX"
  Assets:US:Vanguard:VBMPX                          2.456 VBMPX {195.40 USD, 2022-02-28}
  Assets:US:Vanguard:Cash                         -479.90 USD

2022-02-28 * "Investing 60% of cash in RGAGX"
  Assets:US:Vanguard:RGAGX                          5.940 RGAGX {121.20 USD, 2022-02-28}
  Assets:US:Vanguard:Cash                         -719.93 USD

2022-02-28 * "Investing 40% of cash in VBMPX"
  Assets:US:Vanguard:VBMPX                          1.229 VBMPX {195.40 USD, 2022-02-28}
  Assets:US:Vanguard:Cash                         -240.15 USD

2022-02-28 * "Investing 60% of cash in RGAGX"
  Assets:US:Vanguard:RGAGX                          2.971 RGAGX {121.20 USD, 2022-02-28}
  Assets:US:Vanguard:Cash                         -360.09 USD

2022-03-11 * "Employer match for contribution"
  Assets:US:Vanguard:Cash                          600.00 USD
  Income:US:Hooli:Match401k                       -600.00 USD

2022-03-14 * "Investing 40% of cash in VBMPX"
  Assets:US:Vanguard:VBMPX                          2.429 VBMPX {197.58 USD, 2022-03-14}
  Assets:US:Vanguard:Cash                         -479.92 USD

2022-03-14 * "Investing 60% of cash in RGAGX"
  Assets:US:Vanguard:RGAGX                          5.909 RGAGX {121.83 USD, 2022-03-14}
  Assets:US:Vanguard:Cash                         -719.89 USD

2022-03-14 * "Investing 40% of cash in VBMPX"
  Assets:US:Vanguard:VBMPX                          1.215 VBMPX {197.58 USD, 2022-03-14}
  Assets:US:Vanguard:Cash                         -240.06 USD

2022-03-14 * "Investing 60% of cash in RGAGX"
  Assets:US:Vanguard:RGAGX                          2.955 RGAGX {121.83 USD, 2022-03-14}
  Assets:US:Vanguard:Cash                         -360.01 USD

2022-03-25 * "Employer match for contribution"
  Assets:US:Vanguard:Cash                          600.00 USD
  Income:US:Hooli:Match401k                       -600.00 USD

2022-03-28 * "Investing 40% of cash in VBMPX"
  Assets:US:Vanguard:VBMPX                          2.399 VBMPX {200.11 USD, 2022-03-28}
  Assets:US:Vanguard:Cash                         -480.06 USD

2022-03-28 * "Investing 60% of cash in RGAGX"
  Assets:US:Vanguard:RGAGX                          5.761 RGAGX {124.97 USD, 2022-03-28}
  Assets:US:Vanguard:Cash                         -719.95 USD

2022-03-28 * "Investing 40% of cash in VBMPX"
  Assets:US:Vanguard:VBMPX                          1.199 VBMPX {200.11 USD, 2022-03-28}
  Assets:US:Vanguard:Cash                         -239.93 USD

2022-03-28 * "Investing 60% of cash in RGAGX"
  Assets:US:Vanguard:RGAGX                          2.881 RGAGX {124.97 USD, 2022-03-28}
  Assets:US:Vanguard:Cash                         -360.04 USD

2022-04-08 * "Employer match for contribution"
  Assets:US:Vanguard:Cash                          600.00 USD
  Income:US:Hooli:Match401k                       -600.00 USD

2022-04-11 * "Investing 40% of cash in VBMPX"
  Assets:US:Vanguard:VBMPX                          2.442 VBMPX {196.57 USD, 2022-04-11}
  Assets:US:Vanguard:Cash                         -480.02 USD

2022-04-11 * "Investing 60% of cash in RGAGX"
  Assets:US:Vanguard:RGAGX                          5.900 RGAGX {122.04 USD, 2022-04-11}
  Assets:US:Vanguard:Cash                         -720.04 USD

2022-04-11 * "Investing 40% of cash in VBMPX"
  Assets:US:Vanguard:VBMPX                          1.221 VBMPX {196.57 USD, 2022-04-11}
  Assets:US:Vanguard:Cash                         -240.01 USD

2022-04-11 * "Investing 60% of cash in RGAGX"
  Assets:US:Vanguard:RGAGX                          2.950 RGAGX {122.04 USD, 2022-04-11}
  Assets:US:Vanguard:Cash                         -360.02 USD

2022-04-22 * "Employer match for contribution"
  Assets:US:Vanguard:Cash                          600.00 USD
  Income:US:Hooli:Match401k                       -600.00 USD

2022-04-25 * "Investing 40% of cash in VBMPX"
  Assets:US:Vanguard:VBMPX                          2.416 VBMPX {198.65 USD, 2022-04-25}
  Assets:US:Vanguard:Cash                         -479.94 USD

2022-04-25 * "Investing 60% of cash in RGAGX"
  Assets:US:Vanguard:RGAGX                          6.114 RGAGX {117.76 USD, 2022-04-25}
  Assets:US:Vanguard:Cash                         -719.98 USD

2022-04-25 * "Investing 40% of cash in VBMPX"
  Assets:US:Vanguard:VBMPX                          1.208 VBMPX {198.65 USD, 2022-04-25}
  Assets:US:Vanguard:Cash                         -239.97 USD

2022-04-25 * "Investing 60% of cash in RGAGX"
  Assets:US:Vanguard:RGAGX                          3.057 RGAGX {117.76 USD, 2022-04-25}
  Assets:US:Vanguard:Cash                         -359.99 USD

2022-05-06 * "Employer match for contribution"
  Assets:US:Vanguard:Cash                          600.00 USD
  Income:US:Hooli:Match401k                       -600.00 USD

2022-05-09 * "Investing 40% of cash in VBMPX"
  Assets:US:Vanguard:VBMPX                          2.464 VBMPX {194.85 USD, 2022-05-09}
  Assets:US:Vanguard:Cash                         -480.11 USD

2022-05-09 * "Investing 60% of cash in RGAGX"
  Assets:US:Vanguard:RGAGX                          5.963 RGAGX {120.76 USD, 2022-05-09}
  Assets:US:Vanguard:Cash                         -720.09 USD

2022-05-09 * "Investing 40% of cash in VBMPX"
  Assets:US:Vanguard:VBMPX                          1.231 VBMPX {194.85 USD, 2022-05-09}
  Assets:US:Vanguard:Cash                         -239.86 USD

2022-05-09 * "Investing 60% of cash in RGAGX"
  Assets:US:Vanguard:RGAGX                          2.980 RGAGX {120.76 USD, 2022-05-09}
  Assets:US:Vanguard:Cash                         -359.86 USD

2022-05-20 * "Employer match for contribution"
  Assets:US:Vanguard:Cash                          600.00 USD
  Income:US:Hooli:Match401k                       -600.00 USD

2022-05-23 * "Investing 40% of cash in VBMPX"
  Assets:US:Vanguard:VBMPX                          2.441 VBMPX {196.64 USD, 2022-05-23}
  Assets:US:Vanguard:Cash                         -480.00 USD

2022-05-23 * "Investing 60% of cash in RGAGX"
  Assets:US:Vanguard:RGAGX                          6.063 RGAGX {118.77 USD, 2022-05-23}
  Assets:US:Vanguard:Cash                         -720.10 USD

2022-05-23 * "Investing 40% of cash in VBMPX"
  Assets:US:Vanguard:VBMPX                          1.221 VBMPX {196.64 USD, 2022-05-23}
  Assets:US:Vanguard:Cash                         -240.10 USD

2022-05-23 * "Investing 60% of cash in RGAGX"
  Assets:US:Vanguard:RGAGX                          3.031 RGAGX {118.77 USD, 2022-05-23}
  Assets:US:Vanguard:Cash                         -359.99 USD

2022-06-03 * "Employer match for contribution"
  Assets:US:Vanguard:Cash                          600.00 USD
  Income:US:Hooli:Match401k                       -600.00 USD

2022-06-06 * "Investing 40% of cash in VBMPX"
  Assets:US:Vanguard:VBMPX                          2.416 VBMPX {198.66 USD, 2022-06-06}
  Assets:US:Vanguard:Cash                         -479.96 USD

2022-06-06 * "Investing 60% of cash in RGAGX"
  Assets:US:Vanguard:RGAGX                          5.948 RGAGX {121.05 USD, 2022-06-06}
  Assets:US:Vanguard:Cash                         -720.01 USD

2022-06-06 * "Investing 40% of cash in VBMPX"
  Assets:US:Vanguard:VBMPX                          1.208 VBMPX {198.66 USD, 2022-06-06}
  Assets:US:Vanguard:Cash                         -239.98 USD

2022-06-06 * "Investing 60% of cash in RGAGX"
  Assets:US:Vanguard:RGAGX                          2.974 RGAGX {121.05 USD, 2022-06-06}
  Assets:US:Vanguard:Cash                         -360.00 USD

2022-06-17 * "Employer match for contribution"
  Assets:US:Vanguard:Cash                          600.00 USD
  Income:US:Hooli:Match401k                       -600.00 USD

2022-06-20 * "Investing 40% of cash in VBMPX"
  Assets:US:Vanguard:VBMPX                          2.415 VBMPX {198.75 USD, 2022-06-20}
  Assets:US:Vanguard:Cash                         -479.98 USD

2022-06-20 * "Investing 60% of cash in RGAGX"
  Assets:US:Vanguard:RGAGX                          5.764 RGAGX {124.91 USD, 2022-06-20}
  Assets:US:Vanguard:Cash                         -719.98 USD

2022-06-20 * "Investing 40% of cash in VBMPX"
  Assets:US:Vanguard:VBMPX                          1.208 VBMPX {198.75 USD, 2022-06-20}
  Assets:US:Vanguard:Cash                         -240.09 USD

2022-06-20 * "Investing 60% of cash in RGAGX"
  Assets:US:Vanguard:RGAGX                          2.882 RGAGX {124.91 USD, 2022-06-20}
  Assets:US:Vanguard:Cash                         -359.99 USD

2022-07-01 * "Employer match for contribution"
  Assets:US:Vanguard:Cash                          600.00 USD
  Income:US:Hooli:Match401k                       -600.00 USD

2022-07-04 * "Investing 40% of cash in VBMPX"
  Assets:US:Vanguard:VBMPX                          2.474 VBMPX {194.05 USD, 2022-07-04}
  Assets:US:Vanguard:Cash                         -480.08 USD

2022-07-04 * "Investing 60% of cash in RGAGX"
  Assets:US:Vanguard:RGAGX                          5.691 RGAGX {126.52 USD, 2022-07-04}
  Assets:US:Vanguard:Cash                         -720.03 USD

2022-07-04 * "Investing 40% of cash in VBMPX"
  Assets:US:Vanguard:VBMPX                          1.237 VBMPX {194.05 USD, 2022-07-04}
  Assets:US:Vanguard:Cash                         -240.04 USD

2022-07-04 * "Investing 60% of cash in RGAGX"
  Assets:US:Vanguard:RGAGX                          2.845 RGAGX {126.52 USD, 2022-07-04}
  Assets:US:Vanguard:Cash                         -359.95 USD

2022-07-15 * "Employer match for contribution"
  Assets:US:Vanguard:Cash                          600.00 USD
  Income:US:Hooli:Match401k                       -600.00 USD

2022-07-18 * "Investing 40% of cash in VBMPX"
  Assets:US:Vanguard:VBMPX                          2.546 VBMPX {188.51 USD, 2022-07-18}
  Assets:US:Vanguard:Cash                         -479.95 USD

2022-07-18 * "Investing 60% of cash in RGAGX"
  Assets:US:Vanguard:RGAGX                          5.762 RGAGX {124.94 USD, 2022-07-18}
  Assets:US:Vanguard:Cash                         -719.90 USD

2022-07-18 * "Investing 40% of cash in VBMPX"
  Assets:US:Vanguard:VBMPX                          1.273 VBMPX {188.51 USD, 2022-07-18}
  Assets:US:Vanguard:Cash                         -239.97 USD

2022-07-18 * "Investing 60% of cash in RGAGX"
  Assets:US:Vanguard:RGAGX                          2.881 RGAGX {124.94 USD, 2022-07-18}
  Assets:US:Vanguard:Cash                         -359.95 USD

2022-07-29 * "Employer match for contribution"
  Assets:US:Vanguard:Cash                          600.00 USD
  Income:US:Hooli:Match401k                       -600.00 USD

2022-08-01 * "Investing 40% of cash in VBMPX"
  Assets:US:Vanguard:VBMPX                          2.589 VBMPX {185.39 USD, 2022-08-01}
  Assets:US:Vanguard:Cash                         -479.97 USD

2022-08-01 * "Investing 60% of cash in RGAGX"
  Assets:US:Vanguard:RGAGX                          5.737 RGAGX {125.52 USD, 2022-08-01}
  Assets:US:Vanguard:Cash                         -720.11 USD

2022-08-01 * "Investing 40% of cash in VBMPX"
  Assets:US:Vanguard:VBMPX                          1.295 VBMPX {185.39 USD, 2022-08-01}
  Assets:US:Vanguard:Cash                         -240.08 USD

2022-08-01 * "Investing 60% of cash in RGAGX"
  Assets:US:Vanguard:RGAGX                          2.868 RGAGX {125.52 USD, 2022-08-01}
  Assets:US:Vanguard:Cash                         -359.99 USD

2022-08-12 * "Employer match for contribution"
  Assets:US:Vanguard:Cash                          250.00 USD
  Income:US:Hooli:Match401k                       -250.00 USD

2022-08-15 * "Investing 40% of cash in VBMPX"
  Assets:US:Vanguard:VBMPX                          1.077 VBMPX {185.62 USD, 2022-08-15}
  Assets:US:Vanguard:Cash                         -199.91 USD

2022-08-15 * "Investing 60% of cash in RGAGX"
  Assets:US:Vanguard:RGAGX                          2.353 RGAGX {127.46 USD, 2022-08-15}
  Assets:US:Vanguard:Cash                         -299.91 USD

2022-08-15 * "Investing 40% of cash in VBMPX"
  Assets:US:Vanguard:VBMPX                          0.539 VBMPX {185.62 USD, 2022-08-15}
  Assets:US:Vanguard:Cash                         -100.05 USD

2022-08-15 * "Investing 60% of cash in RGAGX"
  Assets:US:Vanguard:RGAGX                          1.177 RGAGX {127.46 USD, 2022-08-15}
  Assets:US:Vanguard:Cash                         -150.02 USD



* Sources of Income

2020-01-01 open Income:US:Hooli:Salary                      USD
2020-01-01 open Income:US:Hooli:GroupTermLife               USD
2020-01-01 open Income:US:Hooli:Vacation                    VACHR
2020-01-01 open Assets:US:Hooli:Vacation                    VACHR
2020-01-01 open Expenses:Vacation                               VACHR
2020-01-01 open Expenses:Health:Life:GroupTermLife
2020-01-01 open Expenses:Health:Medical:Insurance
2020-01-01 open Expenses:Health:Dental:Insurance
2020-01-01 open Expenses:Health:Vision:Insurance

2020-01-01 event "employer" "Hooli, 1 Carloston Rd, Mountain Beer, CA"

2020-01-02 * "Hooli" "Payroll"
  Assets:US:BofA:Checking                         1350.60 USD
  Assets:US:Vanguard:Cash                         1200.00 USD
  Income:US:Hooli:Salary                         -4615.38 USD
  Income:US:Hooli:GroupTermLife                    -24.32 USD
  Expenses:Health:Life:GroupTermLife                24.32 USD
  Expenses:Health:Dental:Insurance                   2.90 USD
  Expenses:Health:Medical:Insurance                 27.38 USD
  Expenses:Health:Vision:Insurance                  42.30 USD
  Expenses:Taxes:Y2020:US:Medicare                 106.62 USD
  Expenses:Taxes:Y2020:US:Federal                 1062.92 USD
  Expenses:Taxes:Y2020:US:State                    365.08 USD
  Expenses:Taxes:Y2020:US:CityNYC                  174.92 USD
  Expenses:Taxes:Y2020:US:SDI                        1.12 USD
  Expenses:Taxes:Y2020:US:SocSec                   281.54 USD
  Assets:US:Federal:PreTax401k                   -1200.00 IRAUSD
  Expenses:Taxes:Y2020:US:Federal:PreTax401k      1200.00 IRAUSD
  Assets:US:Hooli:Vacation                              5 VACHR
  Income:US:Hooli:Vacation                             -5 VACHR

2020-01-16 * "Hooli" "Payroll"
  Assets:US:BofA:Checking                         1350.60 USD
  Assets:US:Vanguard:Cash                         1200.00 USD
  Income:US:Hooli:Salary                         -4615.38 USD
  Income:US:Hooli:GroupTermLife                    -24.32 USD
  Expenses:Health:Life:GroupTermLife                24.32 USD
  Expenses:Health:Dental:Insurance                   2.90 USD
  Expenses:Health:Medical:Insurance                 27.38 USD
  Expenses:Health:Vision:Insurance                  42.30 USD
  Expenses:Taxes:Y2020:US:Medicare                 106.62 USD
  Expenses:Taxes:Y2020:US:Federal                 1062.92 USD
  Expenses:Taxes:Y2020:US:State                    365.08 USD
  Expenses:Taxes:Y2020:US:CityNYC                  174.92 USD
  Expenses:Taxes:Y2020:US:SDI                        1.12 USD
  Expenses:Taxes:Y2020:US:SocSec                   281.54 USD
  Assets:US:Federal:PreTax401k                   -1200.00 IRAUSD
  Expenses:Taxes:Y2020:US:Federal:PreTax401k      1200.00 IRAUSD
  Assets:US:Hooli:Vacation                              5 VACHR
  Income:US:Hooli:Vacation                             -5 VACHR

2020-01-30 * "Hooli" "Payroll"
  Assets:US:BofA:Checking                         1350.60 USD
  Assets:US:Vanguard:Cash                         1200.00 USD
  Income:US:Hooli:Salary                         -4615.38 USD
  Income:US:Hooli:GroupTermLife                    -24.32 USD
  Expenses:Health:Life:GroupTermLife                24.32 USD
  Expenses:Health:Dental:Insurance                   2.90 USD
  Expenses:Health:Medical:Insurance                 27.38 USD
  Expenses:Health:Vision:Insurance                  42.30 USD
  Expenses:Taxes:Y2020:US:Medicare                 106.62 USD
  Expenses:Taxes:Y2020:US:Federal                 1062.92 USD
  Expenses:Taxes:Y2020:US:State                    365.08 USD
  Expenses:Taxes:Y2020:US:CityNYC                  174.92 USD
  Expenses:Taxes:Y2020:US:SDI                        1.12 USD
  Expenses:Taxes:Y2020:US:SocSec                   281.54 USD
  Assets:US:Federal:PreTax401k                   -1200.00 IRAUSD
  Expenses:Taxes:Y2020:US:Federal:PreTax401k      1200.00 IRAUSD
  Assets:US:Hooli:Vacation                              5 VACHR
  Income:US:Hooli:Vacation                             -5 VACHR

2020-02-13 * "Hooli" "Payroll"
  Assets:US:BofA:Checking                         1350.60 USD
  Assets:US:Vanguard:Cash                         1200.00 USD
  Income:US:Hooli:Salary                         -4615.38 USD
  Income:US:Hooli:GroupTermLife                    -24.32 USD
  Expenses:Health:Life:GroupTermLife                24.32 USD
  Expenses:Health:Dental:Insurance                   2.90 USD
  Expenses:Health:Medical:Insurance                 27.38 USD
  Expenses:Health:Vision:Insurance                  42.30 USD
  Expenses:Taxes:Y2020:US:Medicare                 106.62 USD
  Expenses:Taxes:Y2020:US:Federal                 1062.92 USD
  Expenses:Taxes:Y2020:US:State                    365.08 USD
  Expenses:Taxes:Y2020:US:CityNYC                  174.92 USD
  Expenses:Taxes:Y2020:US:SDI                        1.12 USD
  Expenses:Taxes:Y2020:US:SocSec                   281.54 USD
  Assets:US:Federal:PreTax401k                   -1200.00 IRAUSD
  Expenses:Taxes:Y2020:US:Federal:PreTax401k      1200.00 IRAUSD
  Assets:US:Hooli:Vacation                              5 VACHR
  Income:US:Hooli:Vacation                             -5 VACHR

2020-02-27 * "Hooli" "Payroll"
  Assets:US:BofA:Checking                         1350.60 USD
  Assets:US:Vanguard:Cash                         1200.00 USD
  Income:US:Hooli:Salary                         -4615.38 USD
  Income:US:Hooli:GroupTermLife                    -24.32 USD
  Expenses:Health:Life:GroupTermLife                24.32 USD
  Expenses:Health:Dental:Insurance                   2.90 USD
  Expenses:Health:Medical:Insurance                 27.38 USD
  Expenses:Health:Vision:Insurance                  42.30 USD
  Expenses:Taxes:Y2020:US:Medicare                 106.62 USD
  Expenses:Taxes:Y2020:US:Federal                 1062.92 USD
  Expenses:Taxes:Y2020:US:State                    365.08 USD
  Expenses:Taxes:Y2020:US:CityNYC                  174.92 USD
  Expenses:Taxes:Y2020:US:SDI                        1.12 USD
  Expenses:Taxes:Y2020:US:SocSec                   281.54 USD
  Assets:US:Federal:PreTax401k                   -1200.00 IRAUSD
  Expenses:Taxes:Y2020:US:Federal:PreTax401k      1200.00 IRAUSD
  Assets:US:Hooli:Vacation                              5 VACHR
  Income:US:Hooli:Vacation                             -5 VACHR

2020-03-12 * "Hooli" "Payroll"
  Assets:US:BofA:Checking                         1350.60 USD
  Assets:US:Vanguard:Cash                         1200.00 USD
  Income:US:Hooli:Salary                         -4615.38 USD
  Income:US:Hooli:GroupTermLife                    -24.32 USD
  Expenses:Health:Life:GroupTermLife                24.32 USD
  Expenses:Health:Dental:Insurance                   2.90 USD
  Expenses:Health:Medical:Insurance                 27.38 USD
  Expenses:Health:Vision:Insurance                  42.30 USD
  Expenses:Taxes:Y2020:US:Medicare                 106.62 USD
  Expenses:Taxes:Y2020:US:Federal                 1062.92 USD
  Expenses:Taxes:Y2020:US:State                    365.08 USD
  Expenses:Taxes:Y2020:US:CityNYC                  174.92 USD
  Expenses:Taxes:Y2020:US:SDI                        1.12 USD
  Expenses:Taxes:Y2020:US:SocSec                   281.54 USD
  Assets:US:Federal:PreTax401k                   -1200.00 IRAUSD
  Expenses:Taxes:Y2020:US:Federal:PreTax401k      1200.00 IRAUSD
  Assets:US:Hooli:Vacation                              5 VACHR
  Income:US:Hooli:Vacation                             -5 VACHR

2020-03-26 * "Hooli" "Payroll"
  Assets:US:BofA:Checking                         1350.60 USD
  Assets:US:Vanguard:Cash                         1200.00 USD
  Income:US:Hooli:Salary                         -4615.38 USD
  Income:US:Hooli:GroupTermLife                    -24.32 USD
  Expenses:Health:Life:GroupTermLife                24.32 USD
  Expenses:Health:Dental:Insurance                   2.90 USD
  Expenses:Health:Medical:Insurance                 27.38 USD
  Expenses:Health:Vision:Insurance                  42.30 USD
  Expenses:Taxes:Y2020:US:Medicare                 106.62 USD
  Expenses:Taxes:Y2020:US:Federal                 1062.92 USD
  Expenses:Taxes:Y2020:US:State                    365.08 USD
  Expenses:Taxes:Y2020:US:CityNYC                  174.92 USD
  Expenses:Taxes:Y2020:US:SDI                        1.12 USD
  Expenses:Taxes:Y2020:US:SocSec                   281.54 USD
  Assets:US:Federal:PreTax401k                   -1200.00 IRAUSD
  Expenses:Taxes:Y2020:US:Federal:PreTax401k      1200.00 IRAUSD
  Assets:US:Hooli:Vacation                              5 VACHR
  Income:US:Hooli:Vacation                             -5 VACHR

2020-04-09 * "Hooli" "Payroll"
  Assets:US:BofA:Checking                         1350.60 USD
  Assets:US:Vanguard:Cash                         1200.00 USD
  Income:US:Hooli:Salary                         -4615.38 USD
  Income:US:Hooli:GroupTermLife                    -24.32 USD
  Expenses:Health:Life:GroupTermLife                24.32 USD
  Expenses:Health:Dental:Insurance                   2.90 USD
  Expenses:Health:Medical:Insurance                 27.38 USD
  Expenses:Health:Vision:Insurance                  42.30 USD
  Expenses:Taxes:Y2020:US:Medicare                 106.62 USD
  Expenses:Taxes:Y2020:US:Federal                 1062.92 USD
  Expenses:Taxes:Y2020:US:State                    365.08 USD
  Expenses:Taxes:Y2020:US:CityNYC                  174.92 USD
  Expenses:Taxes:Y2020:US:SDI                        1.12 USD
  Expenses:Taxes:Y2020:US:SocSec                   281.54 USD
  Assets:US:Federal:PreTax401k                   -1200.00 IRAUSD
  Expenses:Taxes:Y2020:US:Federal:PreTax401k      1200.00 IRAUSD
  Assets:US:Hooli:Vacation                              5 VACHR
  Income:US:Hooli:Vacation                             -5 VACHR

2020-04-23 * "Hooli" "Payroll"
  Assets:US:BofA:Checking                         1350.60 USD
  Assets:US:Vanguard:Cash                         1200.00 USD
  Income:US:Hooli:Salary                         -4615.38 USD
  Income:US:Hooli:GroupTermLife                    -24.32 USD
  Expenses:Health:Life:GroupTermLife                24.32 USD
  Expenses:Health:Dental:Insurance                   2.90 USD
  Expenses:Health:Medical:Insurance                 27.38 USD
  Expenses:Health:Vision:Insurance                  42.30 USD
  Expenses:Taxes:Y2020:US:Medicare                 106.62 USD
  Expenses:Taxes:Y2020:US:Federal                 1062.92 USD
  Expenses:Taxes:Y2020:US:State                    365.08 USD
  Expenses:Taxes:Y2020:US:CityNYC                  174.92 USD
  Expenses:Taxes:Y2020:US:SDI                        1.12 USD
  Expenses:Taxes:Y2020:US:SocSec                   281.54 USD
  Assets:US:Federal:PreTax401k                   -1200.00 IRAUSD
  Expenses:Taxes:Y2020:US:Federal:PreTax401k      1200.00 IRAUSD
  Assets:US:Hooli:Vacation                              5 VACHR
  Income:US:Hooli:Vacation                             -5 VACHR

2020-05-07 * "Hooli" "Payroll"
  Assets:US:BofA:Checking                         1350.60 USD
  Assets:US:Vanguard:Cash                         1200.00 USD
  Income:US:Hooli:Salary                         -4615.38 USD
  Income:US:Hooli:GroupTermLife                    -24.32 USD
  Expenses:Health:Life:GroupTermLife                24.32 USD
  Expenses:Health:Dental:Insurance                   2.90 USD
  Expenses:Health:Medical:Insurance                 27.38 USD
  Expenses:Health:Vision:Insurance                  42.30 USD
  Expenses:Taxes:Y2020:US:Medicare                 106.62 USD
  Expenses:Taxes:Y2020:US:Federal                 1062.92 USD
  Expenses:Taxes:Y2020:US:State                    365.08 USD
  Expenses:Taxes:Y2020:US:CityNYC                  174.92 USD
  Expenses:Taxes:Y2020:US:SDI                        1.12 USD
  Expenses:Taxes:Y2020:US:SocSec                   281.54 USD
  Assets:US:Federal:PreTax401k                   -1200.00 IRAUSD
  Expenses:Taxes:Y2020:US:Federal:PreTax401k      1200.00 IRAUSD
  Assets:US:Hooli:Vacation                              5 VACHR
  Income:US:Hooli:Vacation                             -5 VACHR

2020-05-21 * "Hooli" "Payroll"
  Assets:US:BofA:Checking                         1350.60 USD
  Assets:US:Vanguard:Cash                         1200.00 USD
  Income:US:Hooli:Salary                         -4615.38 USD
  Income:US:Hooli:GroupTermLife                    -24.32 USD
  Expenses:Health:Life:GroupTermLife                24.32 USD
  Expenses:Health:Dental:Insurance                   2.90 USD
  Expenses:Health:Medical:Insurance                 27.38 USD
  Expenses:Health:Vision:Insurance                  42.30 USD
  Expenses:Taxes:Y2020:US:Medicare                 106.62 USD
  Expenses:Taxes:Y2020:US:Federal                 1062.92 USD
  Expenses:Taxes:Y2020:US:State                    365.08 USD
  Expenses:Taxes:Y2020:US:CityNYC                  174.92 USD
  Expenses:Taxes:Y2020:US:SDI                        1.12 USD
  Expenses:Taxes:Y2020:US:SocSec                   281.54 USD
  Assets:US:Federal:PreTax401k                   -1200.00 IRAUSD
  Expenses:Taxes:Y2020:US:Federal:PreTax401k      1200.00 IRAUSD
  Assets:US:Hooli:Vacation                              5 VACHR
  Income:US:Hooli:Vacation                             -5 VACHR

2020-06-04 * "Hooli" "Payroll"
  Assets:US:BofA:Checking                         1350.60 USD
  Assets:US:Vanguard:Cash                         1200.00 USD
  Income:US:Hooli:Salary                         -4615.38 USD
  Income:US:Hooli:GroupTermLife                    -24.32 USD
  Expenses:Health:Life:GroupTermLife                24.32 USD
  Expenses:Health:Dental:Insurance                   2.90 USD
  Expenses:Health:Medical:Insurance                 27.38 USD
  Expenses:Health:Vision:Insurance                  42.30 USD
  Expenses:Taxes:Y2020:US:Medicare                 106.62 USD
  Expenses:Taxes:Y2020:US:Federal                 1062.92 USD
  Expenses:Taxes:Y2020:US:State                    365.08 USD
  Expenses:Taxes:Y2020:US:CityNYC                  174.92 USD
  Expenses:Taxes:Y2020:US:SDI                        1.12 USD
  Expenses:Taxes:Y2020:US:SocSec                   281.54 USD
  Assets:US:Federal:PreTax401k                   -1200.00 IRAUSD
  Expenses:Taxes:Y2020:US:Federal:PreTax401k      1200.00 IRAUSD
  Assets:US:Hooli:Vacation                              5 VACHR
  Income:US:Hooli:Vacation                             -5 VACHR

2020-06-18 * "Hooli" "Payroll"
  Assets:US:BofA:Checking                         1350.60 USD
  Assets:US:Vanguard:Cash                         1200.00 USD
  Income:US:Hooli:Salary                         -4615.38 USD
  Income:US:Hooli:GroupTermLife                    -24.32 USD
  Expenses:Health:Life:GroupTermLife                24.32 USD
  Expenses:Health:Dental:Insurance                   2.90 USD
  Expenses:Health:Medical:Insurance                 27.38 USD
  Expenses:Health:Vision:Insurance                  42.30 USD
  Expenses:Taxes:Y2020:US:Medicare                 106.62 USD
  Expenses:Taxes:Y2020:US:Federal                 1062.92 USD
  Expenses:Taxes:Y2020:US:State                    365.08 USD
  Expenses:Taxes:Y2020:US:CityNYC                  174.92 USD
  Expenses:Taxes:Y2020:US:SDI                        1.12 USD
  Expenses:Taxes:Y2020:US:SocSec                   281.54 USD
  Assets:US:Federal:PreTax401k                   -1200.00 IRAUSD
  Expenses:Taxes:Y2020:US:Federal:PreTax401k      1200.00 IRAUSD
  Assets:US:Hooli:Vacation                              5 VACHR
  Income:US:Hooli:Vacation                             -5 VACHR

2020-07-02 * "Hooli" "Payroll"
  Assets:US:BofA:Checking                         1350.60 USD
  Assets:US:Vanguard:Cash                         1200.00 USD
  Income:US:Hooli:Salary                         -4615.38 USD
  Income:US:Hooli:GroupTermLife                    -24.32 USD
  Expenses:Health:Life:GroupTermLife                24.32 USD
  Expenses:Health:Dental:Insurance                   2.90 USD
  Expenses:Health:Medical:Insurance                 27.38 USD
  Expenses:Health:Vision:Insurance                  42.30 USD
  Expenses:Taxes:Y2020:US:Medicare                 106.62 USD
  Expenses:Taxes:Y2020:US:Federal                 1062.92 USD
  Expenses:Taxes:Y2020:US:State                    365.08 USD
  Expenses:Taxes:Y2020:US:CityNYC                  174.92 USD
  Expenses:Taxes:Y2020:US:SDI                        1.12 USD
  Expenses:Taxes:Y2020:US:SocSec                   281.54 USD
  Assets:US:Federal:PreTax401k                   -1200.00 IRAUSD
  Expenses:Taxes:Y2020:US:Federal:PreTax401k      1200.00 IRAUSD
  Assets:US:Hooli:Vacation                              5 VACHR
  Income:US:Hooli:Vacation                             -5 VACHR

2020-07-16 * "Hooli" "Payroll"
  Assets:US:BofA:Checking                         1350.60 USD
  Assets:US:Vanguard:Cash                         1200.00 USD
  Income:US:Hooli:Salary                         -4615.38 USD
  Income:US:Hooli:GroupTermLife                    -24.32 USD
  Expenses:Health:Life:GroupTermLife                24.32 USD
  Expenses:Health:Dental:Insurance                   2.90 USD
  Expenses:Health:Medical:Insurance                 27.38 USD
  Expenses:Health:Vision:Insurance                  42.30 USD
  Expenses:Taxes:Y2020:US:Medicare                 106.62 USD
  Expenses:Taxes:Y2020:US:Federal                 1062.92 USD
  Expenses:Taxes:Y2020:US:State                    365.08 USD
  Expenses:Taxes:Y2020:US:CityNYC                  174.92 USD
  Expenses:Taxes:Y2020:US:SDI                        1.12 USD
  Expenses:Taxes:Y2020:US:SocSec                   281.54 USD
  Assets:US:Federal:PreTax401k                   -1200.00 IRAUSD
  Expenses:Taxes:Y2020:US:Federal:PreTax401k      1200.00 IRAUSD
  Assets:US:Hooli:Vacation                              5 VACHR
  Income:US:Hooli:Vacation                             -5 VACHR

2020-07-30 * "Hooli" "Payroll"
  Assets:US:BofA:Checking                         2050.60 USD
  Assets:US:Vanguard:Cash                          500.00 USD
  Income:US:Hooli:Salary                         -4615.38 USD
  Income:US:Hooli:GroupTermLife                    -24.32 USD
  Expenses:Health:Life:GroupTermLife                24.32 USD
  Expenses:Health:Dental:Insurance                   2.90 USD
  Expenses:Health:Medical:Insurance                 27.38 USD
  Expenses:Health:Vision:Insurance                  42.30 USD
  Expenses:Taxes:Y2020:US:Medicare                 106.62 USD
  Expenses:Taxes:Y2020:US:Federal                 1062.92 USD
  Expenses:Taxes:Y2020:US:State                    365.08 USD
  Expenses:Taxes:Y2020:US:CityNYC                  174.92 USD
  Expenses:Taxes:Y2020:US:SDI                        1.12 USD
  Expenses:Taxes:Y2020:US:SocSec                   281.54 USD
  Assets:US:Federal:PreTax401k                    -500.00 IRAUSD
  Expenses:Taxes:Y2020:US:Federal:PreTax401k       500.00 IRAUSD
  Assets:US:Hooli:Vacation                              5 VACHR
  Income:US:Hooli:Vacation                             -5 VACHR

2020-08-13 * "Hooli" "Payroll"
  Assets:US:BofA:Checking                         2550.60 USD
  Income:US:Hooli:Salary                         -4615.38 USD
  Income:US:Hooli:GroupTermLife                    -24.32 USD
  Expenses:Health:Life:GroupTermLife                24.32 USD
  Expenses:Health:Dental:Insurance                   2.90 USD
  Expenses:Health:Medical:Insurance                 27.38 USD
  Expenses:Health:Vision:Insurance                  42.30 USD
  Expenses:Taxes:Y2020:US:Medicare                 106.62 USD
  Expenses:Taxes:Y2020:US:Federal                 1062.92 USD
  Expenses:Taxes:Y2020:US:State                    365.08 USD
  Expenses:Taxes:Y2020:US:CityNYC                  174.92 USD
  Expenses:Taxes:Y2020:US:SDI                        1.12 USD
  Expenses:Taxes:Y2020:US:SocSec                   281.54 USD
  Assets:US:Federal:PreTax401k                       0.00 IRAUSD
  Assets:US:Hooli:Vacation                              5 VACHR
  Income:US:Hooli:Vacation                             -5 VACHR

2020-08-27 * "Hooli" "Payroll"
  Assets:US:BofA:Checking                         2550.60 USD
  Income:US:Hooli:Salary                         -4615.38 USD
  Income:US:Hooli:GroupTermLife                    -24.32 USD
  Expenses:Health:Life:GroupTermLife                24.32 USD
  Expenses:Health:Dental:Insurance                   2.90 USD
  Expenses:Health:Medical:Insurance                 27.38 USD
  Expenses:Health:Vision:Insurance                  42.30 USD
  Expenses:Taxes:Y2020:US:Medicare                 106.62 USD
  Expenses:Taxes:Y2020:US:Federal                 1062.92 USD
  Expenses:Taxes:Y2020:US:State                    365.08 USD
  Expenses:Taxes:Y2020:US:CityNYC                  174.92 USD
  Expenses:Taxes:Y2020:US:SDI                        1.12 USD
  Expenses:Taxes:Y2020:US:SocSec                   281.54 USD
  Assets:US:Federal:PreTax401k                       0.00 IRAUSD
  Assets:US:Hooli:Vacation                              5 VACHR
  Income:US:Hooli:Vacation                             -5 VACHR

2020-09-10 * "Hooli" "Payroll"
  Assets:US:BofA:Checking                         2550.60 USD
  Income:US:Hooli:Salary                         -4615.38 USD
  Income:US:Hooli:GroupTermLife                    -24.32 USD
  Expenses:Health:Life:GroupTermLife                24.32 USD
  Expenses:Health:Dental:Insurance                   2.90 USD
  Expenses:Health:Medical:Insurance                 27.38 USD
  Expenses:Health:Vision:Insurance                  42.30 USD
  Expenses:Taxes:Y2020:US:Medicare                 106.62 USD
  Expenses:Taxes:Y2020:US:Federal                 1062.92 USD
  Expenses:Taxes:Y2020:US:State                    365.08 USD
  Expenses:Taxes:Y2020:US:CityNYC                  174.92 USD
  Expenses:Taxes:Y2020:US:SDI                        1.12 USD
  Expenses:Taxes:Y2020:US:SocSec                   281.54 USD
  Assets:US:Federal:PreTax401k                       0.00 IRAUSD
  Assets:US:Hooli:Vacation                              5 VACHR
  Income:US:Hooli:Vacation                             -5 VACHR

2020-09-24 * "Hooli" "Payroll"
  Assets:US:BofA:Checking                         2550.60 USD
  Income:US:Hooli:Salary                         -4615.38 USD
  Income:US:Hooli:GroupTermLife                    -24.32 USD
  Expenses:Health:Life:GroupTermLife                24.32 USD
  Expenses:Health:Dental:Insurance                   2.90 USD
  Expenses:Health:Medical:Insurance                 27.38 USD
  Expenses:Health:Vision:Insurance                  42.30 USD
  Expenses:Taxes:Y2020:US:Medicare                 106.62 USD
  Expenses:Taxes:Y2020:US:Federal                 1062.92 USD
  Expenses:Taxes:Y2020:US:State                    365.08 USD
  Expenses:Taxes:Y2020:US:CityNYC                  174.92 USD
  Expenses:Taxes:Y2020:US:SDI                        1.12 USD
  Expenses:Taxes:Y2020:US:SocSec                   281.54 USD
  Assets:US:Federal:PreTax401k                       0.00 IRAUSD
  Assets:US:Hooli:Vacation                              5 VACHR
  Income:US:Hooli:Vacation                             -5 VACHR

2020-10-08 * "Hooli" "Payroll"
  Assets:US:BofA:Checking                         2550.60 USD
  Income:US:Hooli:Salary                         -4615.38 USD
  Income:US:Hooli:GroupTermLife                    -24.32 USD
  Expenses:Health:Life:GroupTermLife                24.32 USD
  Expenses:Health:Dental:Insurance                   2.90 USD
  Expenses:Health:Medical:Insurance                 27.38 USD
  Expenses:Health:Vision:Insurance                  42.30 USD
  Expenses:Taxes:Y2020:US:Medicare                 106.62 USD
  Expenses:Taxes:Y2020:US:Federal                 1062.92 USD
  Expenses:Taxes:Y2020:US:State                    365.08 USD
  Expenses:Taxes:Y2020:US:CityNYC                  174.92 USD
  Expenses:Taxes:Y2020:US:SDI                        1.12 USD
  Expenses:Taxes:Y2020:US:SocSec                   281.54 USD
  Assets:US:Federal:PreTax401k                       0.00 IRAUSD
  Assets:US:Hooli:Vacation                              5 VACHR
  Income:US:Hooli:Vacation                             -5 VACHR

2020-10-22 * "Hooli" "Payroll"
  Assets:US:BofA:Checking                         2550.60 USD
  Income:US:Hooli:Salary                         -4615.38 USD
  Income:US:Hooli:GroupTermLife                    -24.32 USD
  Expenses:Health:Life:GroupTermLife                24.32 USD
  Expenses:Health:Dental:Insurance                   2.90 USD
  Expenses:Health:Medical:Insurance                 27.38 USD
  Expenses:Health:Vision:Insurance                  42.30 USD
  Expenses:Taxes:Y2020:US:Medicare                 106.62 USD
  Expenses:Taxes:Y2020:US:Federal                 1062.92 USD
  Expenses:Taxes:Y2020:US:State                    365.08 USD
  Expenses:Taxes:Y2020:US:CityNYC                  174.92 USD
  Expenses:Taxes:Y2020:US:SDI                        1.12 USD
  Expenses:Taxes:Y2020:US:SocSec                   281.54 USD
  Assets:US:Federal:PreTax401k                       0.00 IRAUSD
  Assets:US:Hooli:Vacation                              5 VACHR
  Income:US:Hooli:Vacation                             -5 VACHR

2020-11-05 * "Hooli" "Payroll"
  Assets:US:BofA:Checking                         2550.60 USD
  Income:US:Hooli:Salary                         -4615.38 USD
  Income:US:Hooli:GroupTermLife                    -24.32 USD
  Expenses:Health:Life:GroupTermLife                24.32 USD
  Expenses:Health:Dental:Insurance                   2.90 USD
  Expenses:Health:Medical:Insurance                 27.38 USD
  Expenses:Health:Vision:Insurance                  42.30 USD
  Expenses:Taxes:Y2020:US:Medicare                 106.62 USD
  Expenses:Taxes:Y2020:US:Federal                 1062.92 USD
  Expenses:Taxes:Y2020:US:State                    365.08 USD
  Expenses:Taxes:Y2020:US:CityNYC                  174.92 USD
  Expenses:Taxes:Y2020:US:SDI                        1.12 USD
  Expenses:Taxes:Y2020:US:SocSec                   281.54 USD
  Assets:US:Federal:PreTax401k                       0.00 IRAUSD
  Assets:US:Hooli:Vacation                              5 VACHR
  Income:US:Hooli:Vacation                             -5 VACHR

2020-11-19 * "Hooli" "Payroll"
  Assets:US:BofA:Checking                         2550.60 USD
  Income:US:Hooli:Salary                         -4615.38 USD
  Income:US:Hooli:GroupTermLife                    -24.32 USD
  Expenses:Health:Life:GroupTermLife                24.32 USD
  Expenses:Health:Dental:Insurance                   2.90 USD
  Expenses:Health:Medical:Insurance                 27.38 USD
  Expenses:Health:Vision:Insurance                  42.30 USD
  Expenses:Taxes:Y2020:US:Medicare                 106.62 USD
  Expenses:Taxes:Y2020:US:Federal                 1062.92 USD
  Expenses:Taxes:Y2020:US:State                    365.08 USD
  Expenses:Taxes:Y2020:US:CityNYC                  174.92 USD
  Expenses:Taxes:Y2020:US:SDI                        1.12 USD
  Expenses:Taxes:Y2020:US:SocSec                   281.54 USD
  Assets:US:Federal:PreTax401k                       0.00 IRAUSD
  Assets:US:Hooli:Vacation                              5 VACHR
  Income:US:Hooli:Vacation                             -5 VACHR

2020-12-03 * "Hooli" "Payroll"
  Assets:US:BofA:Checking                         2589.06 USD
  Income:US:Hooli:Salary                         -4615.38 USD
  Income:US:Hooli:GroupTermLife                    -24.32 USD
  Expenses:Health:Life:GroupTermLife                24.32 USD
  Expenses:Health:Dental:Insurance                   2.90 USD
  Expenses:Health:Medical:Insurance                 27.38 USD
  Expenses:Health:Vision:Insurance                  42.30 USD
  Expenses:Taxes:Y2020:US:Medicare                 106.62 USD
  Expenses:Taxes:Y2020:US:Federal                 1062.92 USD
  Expenses:Taxes:Y2020:US:State                    365.08 USD
  Expenses:Taxes:Y2020:US:CityNYC                  174.92 USD
  Expenses:Taxes:Y2020:US:SDI                        1.12 USD
  Expenses:Taxes:Y2020:US:SocSec                   243.08 USD
  Assets:US:Federal:PreTax401k                       0.00 IRAUSD
  Assets:US:Hooli:Vacation                              5 VACHR
  Income:US:Hooli:Vacation                             -5 VACHR

2020-12-17 * "Hooli" "Payroll"
  Assets:US:BofA:Checking                         2832.14 USD
  Income:US:Hooli:Salary                         -4615.38 USD
  Income:US:Hooli:GroupTermLife                    -24.32 USD
  Expenses:Health:Life:GroupTermLife                24.32 USD
  Expenses:Health:Dental:Insurance                   2.90 USD
  Expenses:Health:Medical:Insurance                 27.38 USD
  Expenses:Health:Vision:Insurance                  42.30 USD
  Expenses:Taxes:Y2020:US:Medicare                 106.62 USD
  Expenses:Taxes:Y2020:US:Federal                 1062.92 USD
  Expenses:Taxes:Y2020:US:State                    365.08 USD
  Expenses:Taxes:Y2020:US:CityNYC                  174.92 USD
  Expenses:Taxes:Y2020:US:SDI                        1.12 USD
  Expenses:Taxes:Y2020:US:SocSec                     0.00 USD
  Assets:US:Federal:PreTax401k                       0.00 IRAUSD
  Assets:US:Hooli:Vacation                              5 VACHR
  Income:US:Hooli:Vacation                             -5 VACHR

2020-12-31 * "Hooli" "Payroll"
  Assets:US:BofA:Checking                         2832.14 USD
  Income:US:Hooli:Salary                         -4615.38 USD
  Income:US:Hooli:GroupTermLife                    -24.32 USD
  Expenses:Health:Life:GroupTermLife                24.32 USD
  Expenses:Health:Dental:Insurance                   2.90 USD
  Expenses:Health:Medical:Insurance                 27.38 USD
  Expenses:Health:Vision:Insurance                  42.30 USD
  Expenses:Taxes:Y2020:US:Medicare                 106.62 USD
  Expenses:Taxes:Y2020:US:Federal                 1062.92 USD
  Expenses:Taxes:Y2020:US:State                    365.08 USD
  Expenses:Taxes:Y2020:US:CityNYC                  174.92 USD
  Expenses:Taxes:Y2020:US:SDI                        1.12 USD
  Expenses:Taxes:Y2020:US:SocSec                     0.00 USD
  Assets:US:Federal:PreTax401k                       0.00 IRAUSD
  Assets:US:Hooli:Vacation                              5 VACHR
  Income:US:Hooli:Vacation                             -5 VACHR

2021-01-14 * "Hooli" "Payroll"
  Assets:US:BofA:Checking                         1350.60 USD
  Assets:US:Vanguard:Cash                         1200.00 USD
  Income:US:Hooli:Salary                         -4615.38 USD
  Income:US:Hooli:GroupTermLife                    -24.32 USD
  Expenses:Health:Life:GroupTermLife                24.32 USD
  Expenses:Health:Dental:Insurance                   2.90 USD
  Expenses:Health:Medical:Insurance                 27.38 USD
  Expenses:Health:Vision:Insurance                  42.30 USD
  Expenses:Taxes:Y2021:US:Medicare                 106.62 USD
  Expenses:Taxes:Y2021:US:Federal                 1062.92 USD
  Expenses:Taxes:Y2021:US:State                    365.08 USD
  Expenses:Taxes:Y2021:US:CityNYC                  174.92 USD
  Expenses:Taxes:Y2021:US:SDI                        1.12 USD
  Expenses:Taxes:Y2021:US:SocSec                   281.54 USD
  Assets:US:Federal:PreTax401k                   -1200.00 IRAUSD
  Expenses:Taxes:Y2021:US:Federal:PreTax401k      1200.00 IRAUSD
  Assets:US:Hooli:Vacation                              5 VACHR
  Income:US:Hooli:Vacation                             -5 VACHR

2021-01-28 * "Hooli" "Payroll"
  Assets:US:BofA:Checking                         1350.60 USD
  Assets:US:Vanguard:Cash                         1200.00 USD
  Income:US:Hooli:Salary                         -4615.38 USD
  Income:US:Hooli:GroupTermLife                    -24.32 USD
  Expenses:Health:Life:GroupTermLife                24.32 USD
  Expenses:Health:Dental:Insurance                   2.90 USD
  Expenses:Health:Medical:Insurance                 27.38 USD
  Expenses:Health:Vision:Insurance                  42.30 USD
  Expenses:Taxes:Y2021:US:Medicare                 106.62 USD
  Expenses:Taxes:Y2021:US:Federal                 1062.92 USD
  Expenses:Taxes:Y2021:US:State                    365.08 USD
  Expenses:Taxes:Y2021:US:CityNYC                  174.92 USD
  Expenses:Taxes:Y2021:US:SDI                        1.12 USD
  Expenses:Taxes:Y2021:US:SocSec                   281.54 USD
  Assets:US:Federal:PreTax401k                   -1200.00 IRAUSD
  Expenses:Taxes:Y2021:US:Federal:PreTax401k      1200.00 IRAUSD
  Assets:US:Hooli:Vacation                              5 VACHR
  Income:US:Hooli:Vacation                             -5 VACHR

2021-02-11 * "Hooli" "Payroll"
  Assets:US:BofA:Checking                         1350.60 USD
  Assets:US:Vanguard:Cash                         1200.00 USD
  Income:US:Hooli:Salary                         -4615.38 USD
  Income:US:Hooli:GroupTermLife                    -24.32 USD
  Expenses:Health:Life:GroupTermLife                24.32 USD
  Expenses:Health:Dental:Insurance                   2.90 USD
  Expenses:Health:Medical:Insurance                 27.38 USD
  Expenses:Health:Vision:Insurance                  42.30 USD
  Expenses:Taxes:Y2021:US:Medicare                 106.62 USD
  Expenses:Taxes:Y2021:US:Federal                 1062.92 USD
  Expenses:Taxes:Y2021:US:State                    365.08 USD
  Expenses:Taxes:Y2021:US:CityNYC                  174.92 USD
  Expenses:Taxes:Y2021:US:SDI                        1.12 USD
  Expenses:Taxes:Y2021:US:SocSec                   281.54 USD
  Assets:US:Federal:PreTax401k                   -1200.00 IRAUSD
  Expenses:Taxes:Y2021:US:Federal:PreTax401k      1200.00 IRAUSD
  Assets:US:Hooli:Vacation                              5 VACHR
  Income:US:Hooli:Vacation                             -5 VACHR

2021-02-25 * "Hooli" "Payroll"
  Assets:US:BofA:Checking                         1350.60 USD
  Assets:US:Vanguard:Cash                         1200.00 USD
  Income:US:Hooli:Salary                         -4615.38 USD
  Income:US:Hooli:GroupTermLife                    -24.32 USD
  Expenses:Health:Life:GroupTermLife                24.32 USD
  Expenses:Health:Dental:Insurance                   2.90 USD
  Expenses:Health:Medical:Insurance                 27.38 USD
  Expenses:Health:Vision:Insurance                  42.30 USD
  Expenses:Taxes:Y2021:US:Medicare                 106.62 USD
  Expenses:Taxes:Y2021:US:Federal                 1062.92 USD
  Expenses:Taxes:Y2021:US:State                    365.08 USD
  Expenses:Taxes:Y2021:US:CityNYC                  174.92 USD
  Expenses:Taxes:Y2021:US:SDI                        1.12 USD
  Expenses:Taxes:Y2021:US:SocSec                   281.54 USD
  Assets:US:Federal:PreTax401k                   -1200.00 IRAUSD
  Expenses:Taxes:Y2021:US:Federal:PreTax401k      1200.00 IRAUSD
  Assets:US:Hooli:Vacation                              5 VACHR
  Income:US:Hooli:Vacation                             -5 VACHR

2021-03-11 * "Hooli" "Payroll"
  Assets:US:BofA:Checking                         1350.60 USD
  Assets:US:Vanguard:Cash                         1200.00 USD
  Income:US:Hooli:Salary                         -4615.38 USD
  Income:US:Hooli:GroupTermLife                    -24.32 USD
  Expenses:Health:Life:GroupTermLife                24.32 USD
  Expenses:Health:Dental:Insurance                   2.90 USD
  Expenses:Health:Medical:Insurance                 27.38 USD
  Expenses:Health:Vision:Insurance                  42.30 USD
  Expenses:Taxes:Y2021:US:Medicare                 106.62 USD
  Expenses:Taxes:Y2021:US:Federal                 1062.92 USD
  Expenses:Taxes:Y2021:US:State                    365.08 USD
  Expenses:Taxes:Y2021:US:CityNYC                  174.92 USD
  Expenses:Taxes:Y2021:US:SDI                        1.12 USD
  Expenses:Taxes:Y2021:US:SocSec                   281.54 USD
  Assets:US:Federal:PreTax401k                   -1200.00 IRAUSD
  Expenses:Taxes:Y2021:US:Federal:PreTax401k      1200.00 IRAUSD
  Assets:US:Hooli:Vacation                              5 VACHR
  Income:US:Hooli:Vacation                             -5 VACHR

2021-03-25 * "Hooli" "Payroll"
  Assets:US:BofA:Checking                         1350.60 USD
  Assets:US:Vanguard:Cash                         1200.00 USD
  Income:US:Hooli:Salary                         -4615.38 USD
  Income:US:Hooli:GroupTermLife                    -24.32 USD
  Expenses:Health:Life:GroupTermLife                24.32 USD
  Expenses:Health:Dental:Insurance                   2.90 USD
  Expenses:Health:Medical:Insurance                 27.38 USD
  Expenses:Health:Vision:Insurance                  42.30 USD
  Expenses:Taxes:Y2021:US:Medicare                 106.62 USD
  Expenses:Taxes:Y2021:US:Federal                 1062.92 USD
  Expenses:Taxes:Y2021:US:State                    365.08 USD
  Expenses:Taxes:Y2021:US:CityNYC                  174.92 USD
  Expenses:Taxes:Y2021:US:SDI                        1.12 USD
  Expenses:Taxes:Y2021:US:SocSec                   281.54 USD
  Assets:US:Federal:PreTax401k                   -1200.00 IRAUSD
  Expenses:Taxes:Y2021:US:Federal:PreTax401k      1200.00 IRAUSD
  Assets:US:Hooli:Vacation                              5 VACHR
  Income:US:Hooli:Vacation                             -5 VACHR

2021-04-08 * "Hooli" "Payroll"
  Assets:US:BofA:Checking                         1350.60 USD
  Assets:US:Vanguard:Cash                         1200.00 USD
  Income:US:Hooli:Salary                         -4615.38 USD
  Income:US:Hooli:GroupTermLife                    -24.32 USD
  Expenses:Health:Life:GroupTermLife                24.32 USD
  Expenses:Health:Dental:Insurance                   2.90 USD
  Expenses:Health:Medical:Insurance                 27.38 USD
  Expenses:Health:Vision:Insurance                  42.30 USD
  Expenses:Taxes:Y2021:US:Medicare                 106.62 USD
  Expenses:Taxes:Y2021:US:Federal                 1062.92 USD
  Expenses:Taxes:Y2021:US:State                    365.08 USD
  Expenses:Taxes:Y2021:US:CityNYC                  174.92 USD
  Expenses:Taxes:Y2021:US:SDI                        1.12 USD
  Expenses:Taxes:Y2021:US:SocSec                   281.54 USD
  Assets:US:Federal:PreTax401k                   -1200.00 IRAUSD
  Expenses:Taxes:Y2021:US:Federal:PreTax401k      1200.00 IRAUSD
  Assets:US:Hooli:Vacation                              5 VACHR
  Income:US:Hooli:Vacation                             -5 VACHR

2021-04-22 * "Hooli" "Payroll"
  Assets:US:BofA:Checking                         1350.60 USD
  Assets:US:Vanguard:Cash                         1200.00 USD
  Income:US:Hooli:Salary                         -4615.38 USD
  Income:US:Hooli:GroupTermLife                    -24.32 USD
  Expenses:Health:Life:GroupTermLife                24.32 USD
  Expenses:Health:Dental:Insurance                   2.90 USD
  Expenses:Health:Medical:Insurance                 27.38 USD
  Expenses:Health:Vision:Insurance                  42.30 USD
  Expenses:Taxes:Y2021:US:Medicare                 106.62 USD
  Expenses:Taxes:Y2021:US:Federal                 1062.92 USD
  Expenses:Taxes:Y2021:US:State                    365.08 USD
  Expenses:Taxes:Y2021:US:CityNYC                  174.92 USD
  Expenses:Taxes:Y2021:US:SDI                        1.12 USD
  Expenses:Taxes:Y2021:US:SocSec                   281.54 USD
  Assets:US:Federal:PreTax401k                   -1200.00 IRAUSD
  Expenses:Taxes:Y2021:US:Federal:PreTax401k      1200.00 IRAUSD
  Assets:US:Hooli:Vacation                              5 VACHR
  Income:US:Hooli:Vacation                             -5 VACHR

2021-05-06 * "Hooli" "Payroll"
  Assets:US:BofA:Checking                         1350.60 USD
  Assets:US:Vanguard:Cash                         1200.00 USD
  Income:US:Hooli:Salary                         -4615.38 USD
  Income:US:Hooli:GroupTermLife                    -24.32 USD
  Expenses:Health:Life:GroupTermLife                24.32 USD
  Expenses:Health:Dental:Insurance                   2.90 USD
  Expenses:Health:Medical:Insurance                 27.38 USD
  Expenses:Health:Vision:Insurance                  42.30 USD
  Expenses:Taxes:Y2021:US:Medicare                 106.62 USD
  Expenses:Taxes:Y2021:US:Federal                 1062.92 USD
  Expenses:Taxes:Y2021:US:State                    365.08 USD
  Expenses:Taxes:Y2021:US:CityNYC                  174.92 USD
  Expenses:Taxes:Y2021:US:SDI                        1.12 USD
  Expenses:Taxes:Y2021:US:SocSec                   281.54 USD
  Assets:US:Federal:PreTax401k                   -1200.00 IRAUSD
  Expenses:Taxes:Y2021:US:Federal:PreTax401k      1200.00 IRAUSD
  Assets:US:Hooli:Vacation                              5 VACHR
  Income:US:Hooli:Vacation                             -5 VACHR

2021-05-20 * "Hooli" "Payroll"
  Assets:US:BofA:Checking                         1350.60 USD
  Assets:US:Vanguard:Cash                         1200.00 USD
  Income:US:Hooli:Salary                         -4615.38 USD
  Income:US:Hooli:GroupTermLife                    -24.32 USD
  Expenses:Health:Life:GroupTermLife                24.32 USD
  Expenses:Health:Dental:Insurance                   2.90 USD
  Expenses:Health:Medical:Insurance                 27.38 USD
  Expenses:Health:Vision:Insurance                  42.30 USD
  Expenses:Taxes:Y2021:US:Medicare                 106.62 USD
  Expenses:Taxes:Y2021:US:Federal                 1062.92 USD
  Expenses:Taxes:Y2021:US:State                    365.08 USD
  Expenses:Taxes:Y2021:US:CityNYC                  174.92 USD
  Expenses:Taxes:Y2021:US:SDI                        1.12 USD
  Expenses:Taxes:Y2021:US:SocSec                   281.54 USD
  Assets:US:Federal:PreTax401k                   -1200.00 IRAUSD
  Expenses:Taxes:Y2021:US:Federal:PreTax401k      1200.00 IRAUSD
  Assets:US:Hooli:Vacation                              5 VACHR
  Income:US:Hooli:Vacation                             -5 VACHR

2021-06-03 * "Hooli" "Payroll"
  Assets:US:BofA:Checking                         1350.60 USD
  Assets:US:Vanguard:Cash                         1200.00 USD
  Income:US:Hooli:Salary                         -4615.38 USD
  Income:US:Hooli:GroupTermLife                    -24.32 USD
  Expenses:Health:Life:GroupTermLife                24.32 USD
  Expenses:Health:Dental:Insurance                   2.90 USD
  Expenses:Health:Medical:Insurance                 27.38 USD
  Expenses:Health:Vision:Insurance                  42.30 USD
  Expenses:Taxes:Y2021:US:Medicare                 106.62 USD
  Expenses:Taxes:Y2021:US:Federal                 1062.92 USD
  Expenses:Taxes:Y2021:US:State                    365.08 USD
  Expenses:Taxes:Y2021:US:CityNYC                  174.92 USD
  Expenses:Taxes:Y2021:US:SDI                        1.12 USD
  Expenses:Taxes:Y2021:US:SocSec                   281.54 USD
  Assets:US:Federal:PreTax401k                   -1200.00 IRAUSD
  Expenses:Taxes:Y2021:US:Federal:PreTax401k      1200.00 IRAUSD
  Assets:US:Hooli:Vacation                              5 VACHR
  Income:US:Hooli:Vacation                             -5 VACHR

2021-06-17 * "Hooli" "Payroll"
  Assets:US:BofA:Checking                         1350.60 USD
  Assets:US:Vanguard:Cash                         1200.00 USD
  Income:US:Hooli:Salary                         -4615.38 USD
  Income:US:Hooli:GroupTermLife                    -24.32 USD
  Expenses:Health:Life:GroupTermLife                24.32 USD
  Expenses:Health:Dental:Insurance                   2.90 USD
  Expenses:Health:Medical:Insurance                 27.38 USD
  Expenses:Health:Vision:Insurance                  42.30 USD
  Expenses:Taxes:Y2021:US:Medicare                 106.62 USD
  Expenses:Taxes:Y2021:US:Federal                 1062.92 USD
  Expenses:Taxes:Y2021:US:State                    365.08 USD
  Expenses:Taxes:Y2021:US:CityNYC                  174.92 USD
  Expenses:Taxes:Y2021:US:SDI                        1.12 USD
  Expenses:Taxes:Y2021:US:SocSec                   281.54 USD
  Assets:US:Federal:PreTax401k                   -1200.00 IRAUSD
  Expenses:Taxes:Y2021:US:Federal:PreTax401k      1200.00 IRAUSD
  Assets:US:Hooli:Vacation                              5 VACHR
  Income:US:Hooli:Vacation                             -5 VACHR

2021-07-01 * "Hooli" "Payroll"
  Assets:US:BofA:Checking                         1350.60 USD
  Assets:US:Vanguard:Cash                         1200.00 USD
  Income:US:Hooli:Salary                         -4615.38 USD
  Income:US:Hooli:GroupTermLife                    -24.32 USD
  Expenses:Health:Life:GroupTermLife                24.32 USD
  Expenses:Health:Dental:Insurance                   2.90 USD
  Expenses:Health:Medical:Insurance                 27.38 USD
  Expenses:Health:Vision:Insurance                  42.30 USD
  Expenses:Taxes:Y2021:US:Medicare                 106.62 USD
  Expenses:Taxes:Y2021:US:Federal                 1062.92 USD
  Expenses:Taxes:Y2021:US:State                    365.08 USD
  Expenses:Taxes:Y2021:US:CityNYC                  174.92 USD
  Expenses:Taxes:Y2021:US:SDI                        1.12 USD
  Expenses:Taxes:Y2021:US:SocSec                   281.54 USD
  Assets:US:Federal:PreTax401k                   -1200.00 IRAUSD
  Expenses:Taxes:Y2021:US:Federal:PreTax401k      1200.00 IRAUSD
  Assets:US:Hooli:Vacation                              5 VACHR
  Income:US:Hooli:Vacation                             -5 VACHR

2021-07-15 * "Hooli" "Payroll"
  Assets:US:BofA:Checking                         1350.60 USD
  Assets:US:Vanguard:Cash                         1200.00 USD
  Income:US:Hooli:Salary                         -4615.38 USD
  Income:US:Hooli:GroupTermLife                    -24.32 USD
  Expenses:Health:Life:GroupTermLife                24.32 USD
  Expenses:Health:Dental:Insurance                   2.90 USD
  Expenses:Health:Medical:Insurance                 27.38 USD
  Expenses:Health:Vision:Insurance                  42.30 USD
  Expenses:Taxes:Y2021:US:Medicare                 106.62 USD
  Expenses:Taxes:Y2021:US:Federal                 1062.92 USD
  Expenses:Taxes:Y2021:US:State                    365.08 USD
  Expenses:Taxes:Y2021:US:CityNYC                  174.92 USD
  Expenses:Taxes:Y2021:US:SDI                        1.12 USD
  Expenses:Taxes:Y2021:US:SocSec                   281.54 USD
  Assets:US:Federal:PreTax401k                   -1200.00 IRAUSD
  Expenses:Taxes:Y2021:US:Federal:PreTax401k      1200.00 IRAUSD
  Assets:US:Hooli:Vacation                              5 VACHR
  Income:US:Hooli:Vacation                             -5 VACHR

2021-07-29 * "Hooli" "Payroll"
  Assets:US:BofA:Checking                         1350.60 USD
  Assets:US:Vanguard:Cash                         1200.00 USD
  Income:US:Hooli:Salary                         -4615.38 USD
  Income:US:Hooli:GroupTermLife                    -24.32 USD
  Expenses:Health:Life:GroupTermLife                24.32 USD
  Expenses:Health:Dental:Insurance                   2.90 USD
  Expenses:Health:Medical:Insurance                 27.38 USD
  Expenses:Health:Vision:Insurance                  42.30 USD
  Expenses:Taxes:Y2021:US:Medicare                 106.62 USD
  Expenses:Taxes:Y2021:US:Federal                 1062.92 USD
  Expenses:Taxes:Y2021:US:State                    365.08 USD
  Expenses:Taxes:Y2021:US:CityNYC                  174.92 USD
  Expenses:Taxes:Y2021:US:SDI                        1.12 USD
  Expenses:Taxes:Y2021:US:SocSec                   281.54 USD
  Assets:US:Federal:PreTax401k                   -1200.00 IRAUSD
  Expenses:Taxes:Y2021:US:Federal:PreTax401k      1200.00 IRAUSD
  Assets:US:Hooli:Vacation                              5 VACHR
  Income:US:Hooli:Vacation                             -5 VACHR

2021-08-12 * "Hooli" "Payroll"
  Assets:US:BofA:Checking                         2050.60 USD
  Assets:US:Vanguard:Cash                          500.00 USD
  Income:US:Hooli:Salary                         -4615.38 USD
  Income:US:Hooli:GroupTermLife                    -24.32 USD
  Expenses:Health:Life:GroupTermLife                24.32 USD
  Expenses:Health:Dental:Insurance                   2.90 USD
  Expenses:Health:Medical:Insurance                 27.38 USD
  Expenses:Health:Vision:Insurance                  42.30 USD
  Expenses:Taxes:Y2021:US:Medicare                 106.62 USD
  Expenses:Taxes:Y2021:US:Federal                 1062.92 USD
  Expenses:Taxes:Y2021:US:State                    365.08 USD
  Expenses:Taxes:Y2021:US:CityNYC                  174.92 USD
  Expenses:Taxes:Y2021:US:SDI                        1.12 USD
  Expenses:Taxes:Y2021:US:SocSec                   281.54 USD
  Assets:US:Federal:PreTax401k                    -500.00 IRAUSD
  Expenses:Taxes:Y2021:US:Federal:PreTax401k       500.00 IRAUSD
  Assets:US:Hooli:Vacation                              5 VACHR
  Income:US:Hooli:Vacation                             -5 VACHR

2021-08-26 * "Hooli" "Payroll"
  Assets:US:BofA:Checking                         2550.60 USD
  Income:US:Hooli:Salary                         -4615.38 USD
  Income:US:Hooli:GroupTermLife                    -24.32 USD
  Expenses:Health:Life:GroupTermLife                24.32 USD
  Expenses:Health:Dental:Insurance                   2.90 USD
  Expenses:Health:Medical:Insurance                 27.38 USD
  Expenses:Health:Vision:Insurance                  42.30 USD
  Expenses:Taxes:Y2021:US:Medicare                 106.62 USD
  Expenses:Taxes:Y2021:US:Federal                 1062.92 USD
  Expenses:Taxes:Y2021:US:State                    365.08 USD
  Expenses:Taxes:Y2021:US:CityNYC                  174.92 USD
  Expenses:Taxes:Y2021:US:SDI                        1.12 USD
  Expenses:Taxes:Y2021:US:SocSec                   281.54 USD
  Assets:US:Federal:PreTax401k                       0.00 IRAUSD
  Assets:US:Hooli:Vacation                              5 VACHR
  Income:US:Hooli:Vacation                             -5 VACHR

2021-09-09 * "Hooli" "Payroll"
  Assets:US:BofA:Checking                         2550.60 USD
  Income:US:Hooli:Salary                         -4615.38 USD
  Income:US:Hooli:GroupTermLife                    -24.32 USD
  Expenses:Health:Life:GroupTermLife                24.32 USD
  Expenses:Health:Dental:Insurance                   2.90 USD
  Expenses:Health:Medical:Insurance                 27.38 USD
  Expenses:Health:Vision:Insurance                  42.30 USD
  Expenses:Taxes:Y2021:US:Medicare                 106.62 USD
  Expenses:Taxes:Y2021:US:Federal                 1062.92 USD
  Expenses:Taxes:Y2021:US:State                    365.08 USD
  Expenses:Taxes:Y2021:US:CityNYC                  174.92 USD
  Expenses:Taxes:Y2021:US:SDI                        1.12 USD
  Expenses:Taxes:Y2021:US:SocSec                   281.54 USD
  Assets:US:Federal:PreTax401k                       0.00 IRAUSD
  Assets:US:Hooli:Vacation                              5 VACHR
  Income:US:Hooli:Vacation                             -5 VACHR

2021-09-23 * "Hooli" "Payroll"
  Assets:US:BofA:Checking                         2550.60 USD
  Income:US:Hooli:Salary                         -4615.38 USD
  Income:US:Hooli:GroupTermLife                    -24.32 USD
  Expenses:Health:Life:GroupTermLife                24.32 USD
  Expenses:Health:Dental:Insurance                   2.90 USD
  Expenses:Health:Medical:Insurance                 27.38 USD
  Expenses:Health:Vision:Insurance                  42.30 USD
  Expenses:Taxes:Y2021:US:Medicare                 106.62 USD
  Expenses:Taxes:Y2021:US:Federal                 1062.92 USD
  Expenses:Taxes:Y2021:US:State                    365.08 USD
  Expenses:Taxes:Y2021:US:CityNYC                  174.92 USD
  Expenses:Taxes:Y2021:US:SDI                        1.12 USD
  Expenses:Taxes:Y2021:US:SocSec                   281.54 USD
  Assets:US:Federal:PreTax401k                       0.00 IRAUSD
  Assets:US:Hooli:Vacation                              5 VACHR
  Income:US:Hooli:Vacation                             -5 VACHR

2021-10-07 * "Hooli" "Payroll"
  Assets:US:BofA:Checking                         2550.60 USD
  Income:US:Hooli:Salary                         -4615.38 USD
  Income:US:Hooli:GroupTermLife                    -24.32 USD
  Expenses:Health:Life:GroupTermLife                24.32 USD
  Expenses:Health:Dental:Insurance                   2.90 USD
  Expenses:Health:Medical:Insurance                 27.38 USD
  Expenses:Health:Vision:Insurance                  42.30 USD
  Expenses:Taxes:Y2021:US:Medicare                 106.62 USD
  Expenses:Taxes:Y2021:US:Federal                 1062.92 USD
  Expenses:Taxes:Y2021:US:State                    365.08 USD
  Expenses:Taxes:Y2021:US:CityNYC                  174.92 USD
  Expenses:Taxes:Y2021:US:SDI                        1.12 USD
  Expenses:Taxes:Y2021:US:SocSec                   281.54 USD
  Assets:US:Federal:PreTax401k                       0.00 IRAUSD
  Assets:US:Hooli:Vacation                              5 VACHR
  Income:US:Hooli:Vacation                             -5 VACHR

2021-10-21 * "Hooli" "Payroll"
  Assets:US:BofA:Checking                         2550.60 USD
  Income:US:Hooli:Salary                         -4615.38 USD
  Income:US:Hooli:GroupTermLife                    -24.32 USD
  Expenses:Health:Life:GroupTermLife                24.32 USD
  Expenses:Health:Dental:Insurance                   2.90 USD
  Expenses:Health:Medical:Insurance                 27.38 USD
  Expenses:Health:Vision:Insurance                  42.30 USD
  Expenses:Taxes:Y2021:US:Medicare                 106.62 USD
  Expenses:Taxes:Y2021:US:Federal                 1062.92 USD
  Expenses:Taxes:Y2021:US:State                    365.08 USD
  Expenses:Taxes:Y2021:US:CityNYC                  174.92 USD
  Expenses:Taxes:Y2021:US:SDI                        1.12 USD
  Expenses:Taxes:Y2021:US:SocSec                   281.54 USD
  Assets:US:Federal:PreTax401k                       0.00 IRAUSD
  Assets:US:Hooli:Vacation                              5 VACHR
  Income:US:Hooli:Vacation                             -5 VACHR

2021-11-04 * "Hooli" "Payroll"
  Assets:US:BofA:Checking                         2550.60 USD
  Income:US:Hooli:Salary                         -4615.38 USD
  Income:US:Hooli:GroupTermLife                    -24.32 USD
  Expenses:Health:Life:GroupTermLife                24.32 USD
  Expenses:Health:Dental:Insurance                   2.90 USD
  Expenses:Health:Medical:Insurance                 27.38 USD
  Expenses:Health:Vision:Insurance                  42.30 USD
  Expenses:Taxes:Y2021:US:Medicare                 106.62 USD
  Expenses:Taxes:Y2021:US:Federal                 1062.92 USD
  Expenses:Taxes:Y2021:US:State                    365.08 USD
  Expenses:Taxes:Y2021:US:CityNYC                  174.92 USD
  Expenses:Taxes:Y2021:US:SDI                        1.12 USD
  Expenses:Taxes:Y2021:US:SocSec                   281.54 USD
  Assets:US:Federal:PreTax401k                       0.00 IRAUSD
  Assets:US:Hooli:Vacation                              5 VACHR
  Income:US:Hooli:Vacation                             -5 VACHR

2021-11-18 * "Hooli" "Payroll"
  Assets:US:BofA:Checking                         2550.60 USD
  Income:US:Hooli:Salary                         -4615.38 USD
  Income:US:Hooli:GroupTermLife                    -24.32 USD
  Expenses:Health:Life:GroupTermLife                24.32 USD
  Expenses:Health:Dental:Insurance                   2.90 USD
  Expenses:Health:Medical:Insurance                 27.38 USD
  Expenses:Health:Vision:Insurance                  42.30 USD
  Expenses:Taxes:Y2021:US:Medicare                 106.62 USD
  Expenses:Taxes:Y2021:US:Federal                 1062.92 USD
  Expenses:Taxes:Y2021:US:State                    365.08 USD
  Expenses:Taxes:Y2021:US:CityNYC                  174.92 USD
  Expenses:Taxes:Y2021:US:SDI                        1.12 USD
  Expenses:Taxes:Y2021:US:SocSec                   281.54 USD
  Assets:US:Federal:PreTax401k                       0.00 IRAUSD
  Assets:US:Hooli:Vacation                              5 VACHR
  Income:US:Hooli:Vacation                             -5 VACHR

2021-12-02 * "Hooli" "Payroll"
  Assets:US:BofA:Checking                         2550.60 USD
  Income:US:Hooli:Salary                         -4615.38 USD
  Income:US:Hooli:GroupTermLife                    -24.32 USD
  Expenses:Health:Life:GroupTermLife                24.32 USD
  Expenses:Health:Dental:Insurance                   2.90 USD
  Expenses:Health:Medical:Insurance                 27.38 USD
  Expenses:Health:Vision:Insurance                  42.30 USD
  Expenses:Taxes:Y2021:US:Medicare                 106.62 USD
  Expenses:Taxes:Y2021:US:Federal                 1062.92 USD
  Expenses:Taxes:Y2021:US:State                    365.08 USD
  Expenses:Taxes:Y2021:US:CityNYC                  174.92 USD
  Expenses:Taxes:Y2021:US:SDI                        1.12 USD
  Expenses:Taxes:Y2021:US:SocSec                   281.54 USD
  Assets:US:Federal:PreTax401k                       0.00 IRAUSD
  Assets:US:Hooli:Vacation                              5 VACHR
  Income:US:Hooli:Vacation                             -5 VACHR

2021-12-16 * "Hooli" "Payroll"
  Assets:US:BofA:Checking                         2589.06 USD
  Income:US:Hooli:Salary                         -4615.38 USD
  Income:US:Hooli:GroupTermLife                    -24.32 USD
  Expenses:Health:Life:GroupTermLife                24.32 USD
  Expenses:Health:Dental:Insurance                   2.90 USD
  Expenses:Health:Medical:Insurance                 27.38 USD
  Expenses:Health:Vision:Insurance                  42.30 USD
  Expenses:Taxes:Y2021:US:Medicare                 106.62 USD
  Expenses:Taxes:Y2021:US:Federal                 1062.92 USD
  Expenses:Taxes:Y2021:US:State                    365.08 USD
  Expenses:Taxes:Y2021:US:CityNYC                  174.92 USD
  Expenses:Taxes:Y2021:US:SDI                        1.12 USD
  Expenses:Taxes:Y2021:US:SocSec                   243.08 USD
  Assets:US:Federal:PreTax401k                       0.00 IRAUSD
  Assets:US:Hooli:Vacation                              5 VACHR
  Income:US:Hooli:Vacation                             -5 VACHR

2021-12-30 * "Hooli" "Payroll"
  Assets:US:BofA:Checking                         2832.14 USD
  Income:US:Hooli:Salary                         -4615.38 USD
  Income:US:Hooli:GroupTermLife                    -24.32 USD
  Expenses:Health:Life:GroupTermLife                24.32 USD
  Expenses:Health:Dental:Insurance                   2.90 USD
  Expenses:Health:Medical:Insurance                 27.38 USD
  Expenses:Health:Vision:Insurance                  42.30 USD
  Expenses:Taxes:Y2021:US:Medicare                 106.62 USD
  Expenses:Taxes:Y2021:US:Federal                 1062.92 USD
  Expenses:Taxes:Y2021:US:State                    365.08 USD
  Expenses:Taxes:Y2021:US:CityNYC                  174.92 USD
  Expenses:Taxes:Y2021:US:SDI                        1.12 USD
  Expenses:Taxes:Y2021:US:SocSec                     0.00 USD
  Assets:US:Federal:PreTax401k                       0.00 IRAUSD
  Assets:US:Hooli:Vacation                              5 VACHR
  Income:US:Hooli:Vacation                             -5 VACHR

2022-01-13 * "Hooli" "Payroll"
  Assets:US:BofA:Checking                         1350.60 USD
  Assets:US:Vanguard:Cash                         1200.00 USD
  Income:US:Hooli:Salary                         -4615.38 USD
  Income:US:Hooli:GroupTermLife                    -24.32 USD
  Expenses:Health:Life:GroupTermLife                24.32 USD
  Expenses:Health:Dental:Insurance                   2.90 USD
  Expenses:Health:Medical:Insurance                 27.38 USD
  Expenses:Health:Vision:Insurance                  42.30 USD
  Expenses:Taxes:Y2022:US:Medicare                 106.62 USD
  Expenses:Taxes:Y2022:US:Federal                 1062.92 USD
  Expenses:Taxes:Y2022:US:State                    365.08 USD
  Expenses:Taxes:Y2022:US:CityNYC                  174.92 USD
  Expenses:Taxes:Y2022:US:SDI                        1.12 USD
  Expenses:Taxes:Y2022:US:SocSec                   281.54 USD
  Assets:US:Federal:PreTax401k                   -1200.00 IRAUSD
  Expenses:Taxes:Y2022:US:Federal:PreTax401k      1200.00 IRAUSD
  Assets:US:Hooli:Vacation                              5 VACHR
  Income:US:Hooli:Vacation                             -5 VACHR

2022-01-27 * "Hooli" "Payroll"
  Assets:US:BofA:Checking                         1350.60 USD
  Assets:US:Vanguard:Cash                         1200.00 USD
  Income:US:Hooli:Salary                         -4615.38 USD
  Income:US:Hooli:GroupTermLife                    -24.32 USD
  Expenses:Health:Life:GroupTermLife                24.32 USD
  Expenses:Health:Dental:Insurance                   2.90 USD
  Expenses:Health:Medical:Insurance                 27.38 USD
  Expenses:Health:Vision:Insurance                  42.30 USD
  Expenses:Taxes:Y2022:US:Medicare                 106.62 USD
  Expenses:Taxes:Y2022:US:Federal                 1062.92 USD
  Expenses:Taxes:Y2022:US:State                    365.08 USD
  Expenses:Taxes:Y2022:US:CityNYC                  174.92 USD
  Expenses:Taxes:Y2022:US:SDI                        1.12 USD
  Expenses:Taxes:Y2022:US:SocSec                   281.54 USD
  Assets:US:Federal:PreTax401k                   -1200.00 IRAUSD
  Expenses:Taxes:Y2022:US:Federal:PreTax401k      1200.00 IRAUSD
  Assets:US:Hooli:Vacation                              5 VACHR
  Income:US:Hooli:Vacation                             -5 VACHR

2022-02-10 * "Hooli" "Payroll"
  Assets:US:BofA:Checking                         1350.60 USD
  Assets:US:Vanguard:Cash                         1200.00 USD
  Income:US:Hooli:Salary                         -4615.38 USD
  Income:US:Hooli:GroupTermLife                    -24.32 USD
  Expenses:Health:Life:GroupTermLife                24.32 USD
  Expenses:Health:Dental:Insurance                   2.90 USD
  Expenses:Health:Medical:Insurance                 27.38 USD
  Expenses:Health:Vision:Insurance                  42.30 USD
  Expenses:Taxes:Y2022:US:Medicare                 106.62 USD
  Expenses:Taxes:Y2022:US:Federal                 1062.92 USD
  Expenses:Taxes:Y2022:US:State                    365.08 USD
  Expenses:Taxes:Y2022:US:CityNYC                  174.92 USD
  Expenses:Taxes:Y2022:US:SDI                        1.12 USD
  Expenses:Taxes:Y2022:US:SocSec                   281.54 USD
  Assets:US:Federal:PreTax401k                   -1200.00 IRAUSD
  Expenses:Taxes:Y2022:US:Federal:PreTax401k      1200.00 IRAUSD
  Assets:US:Hooli:Vacation                              5 VACHR
  Income:US:Hooli:Vacation                             -5 VACHR

2022-02-24 * "Hooli" "Payroll"
  Assets:US:BofA:Checking                         1350.60 USD
  Assets:US:Vanguard:Cash                         1200.00 USD
  Income:US:Hooli:Salary                         -4615.38 USD
  Income:US:Hooli:GroupTermLife                    -24.32 USD
  Expenses:Health:Life:GroupTermLife                24.32 USD
  Expenses:Health:Dental:Insurance                   2.90 USD
  Expenses:Health:Medical:Insurance                 27.38 USD
  Expenses:Health:Vision:Insurance                  42.30 USD
  Expenses:Taxes:Y2022:US:Medicare                 106.62 USD
  Expenses:Taxes:Y2022:US:Federal                 1062.92 USD
  Expenses:Taxes:Y2022:US:State                    365.08 USD
  Expenses:Taxes:Y2022:US:CityNYC                  174.92 USD
  Expenses:Taxes:Y2022:US:SDI                        1.12 USD
  Expenses:Taxes:Y2022:US:SocSec                   281.54 USD
  Assets:US:Federal:PreTax401k                   -1200.00 IRAUSD
  Expenses:Taxes:Y2022:US:Federal:PreTax401k      1200.00 IRAUSD
  Assets:US:Hooli:Vacation                              5 VACHR
  Income:US:Hooli:Vacation                             -5 VACHR

2022-03-10 * "Hooli" "Payroll"
  Assets:US:BofA:Checking                         1350.60 USD
  Assets:US:Vanguard:Cash                         1200.00 USD
  Income:US:Hooli:Salary                         -4615.38 USD
  Income:US:Hooli:GroupTermLife                    -24.32 USD
  Expenses:Health:Life:GroupTermLife                24.32 USD
  Expenses:Health:Dental:Insurance                   2.90 USD
  Expenses:Health:Medical:Insurance                 27.38 USD
  Expenses:Health:Vision:Insurance                  42.30 USD
  Expenses:Taxes:Y2022:US:Medicare                 106.62 USD
  Expenses:Taxes:Y2022:US:Federal                 1062.92 USD
  Expenses:Taxes:Y2022:US:State                    365.08 USD
  Expenses:Taxes:Y2022:US:CityNYC                  174.92 USD
  Expenses:Taxes:Y2022:US:SDI                        1.12 USD
  Expenses:Taxes:Y2022:US:SocSec                   281.54 USD
  Assets:US:Federal:PreTax401k                   -1200.00 IRAUSD
  Expenses:Taxes:Y2022:US:Federal:PreTax401k      1200.00 IRAUSD
  Assets:US:Hooli:Vacation                              5 VACHR
  Income:US:Hooli:Vacation                             -5 VACHR

2022-03-24 * "Hooli" "Payroll"
  Assets:US:BofA:Checking                         1350.60 USD
  Assets:US:Vanguard:Cash                         1200.00 USD
  Income:US:Hooli:Salary                         -4615.38 USD
  Income:US:Hooli:GroupTermLife                    -24.32 USD
  Expenses:Health:Life:GroupTermLife                24.32 USD
  Expenses:Health:Dental:Insurance                   2.90 USD
  Expenses:Health:Medical:Insurance                 27.38 USD
  Expenses:Health:Vision:Insurance                  42.30 USD
  Expenses:Taxes:Y2022:US:Medicare                 106.62 USD
  Expenses:Taxes:Y2022:US:Federal                 1062.92 USD
  Expenses:Taxes:Y2022:US:State                    365.08 USD
  Expenses:Taxes:Y2022:US:CityNYC                  174.92 USD
  Expenses:Taxes:Y2022:US:SDI                        1.12 USD
  Expenses:Taxes:Y2022:US:SocSec                   281.54 USD
  Assets:US:Federal:PreTax401k                   -1200.00 IRAUSD
  Expenses:Taxes:Y2022:US:Federal:PreTax401k      1200.00 IRAUSD
  Assets:US:Hooli:Vacation                              5 VACHR
  Income:US:Hooli:Vacation                             -5 VACHR

2022-04-07 * "Hooli" "Payroll"
  Assets:US:BofA:Checking                         1350.60 USD
  Assets:US:Vanguard:Cash                         1200.00 USD
  Income:US:Hooli:Salary                         -4615.38 USD
  Income:US:Hooli:GroupTermLife                    -24.32 USD
  Expenses:Health:Life:GroupTermLife                24.32 USD
  Expenses:Health:Dental:Insurance                   2.90 USD
  Expenses:Health:Medical:Insurance                 27.38 USD
  Expenses:Health:Vision:Insurance                  42.30 USD
  Expenses:Taxes:Y2022:US:Medicare                 106.62 USD
  Expenses:Taxes:Y2022:US:Federal                 1062.92 USD
  Expenses:Taxes:Y2022:US:State                    365.08 USD
  Expenses:Taxes:Y2022:US:CityNYC                  174.92 USD
  Expenses:Taxes:Y2022:US:SDI                        1.12 USD
  Expenses:Taxes:Y2022:US:SocSec                   281.54 USD
  Assets:US:Federal:PreTax401k                   -1200.00 IRAUSD
  Expenses:Taxes:Y2022:US:Federal:PreTax401k      1200.00 IRAUSD
  Assets:US:Hooli:Vacation                              5 VACHR
  Income:US:Hooli:Vacation                             -5 VACHR

2022-04-21 * "Hooli" "Payroll"
  Assets:US:BofA:Checking                         1350.60 USD
  Assets:US:Vanguard:Cash                         1200.00 USD
  Income:US:Hooli:Salary                         -4615.38 USD
  Income:US:Hooli:GroupTermLife                    -24.32 USD
  Expenses:Health:Life:GroupTermLife                24.32 USD
  Expenses:Health:Dental:Insurance                   2.90 USD
  Expenses:Health:Medical:Insurance                 27.38 USD
  Expenses:Health:Vision:Insurance                  42.30 USD
  Expenses:Taxes:Y2022:US:Medicare                 106.62 USD
  Expenses:Taxes:Y2022:US:Federal                 1062.92 USD
  Expenses:Taxes:Y2022:US:State                    365.08 USD
  Expenses:Taxes:Y2022:US:CityNYC                  174.92 USD
  Expenses:Taxes:Y2022:US:SDI                        1.12 USD
  Expenses:Taxes:Y2022:US:SocSec                   281.54 USD
  Assets:US:Federal:PreTax401k                   -1200.00 IRAUSD
  Expenses:Taxes:Y2022:US:Federal:PreTax401k      1200.00 IRAUSD
  Assets:US:Hooli:Vacation                              5 VACHR
  Income:US:Hooli:Vacation                             -5 VACHR

2022-05-05 * "Hooli" "Payroll"
  Assets:US:BofA:Checking                         1350.60 USD
  Assets:US:Vanguard:Cash                         1200.00 USD
  Income:US:Hooli:Salary                         -4615.38 USD
  Income:US:Hooli:GroupTermLife                    -24.32 USD
  Expenses:Health:Life:GroupTermLife                24.32 USD
  Expenses:Health:Dental:Insurance                   2.90 USD
  Expenses:Health:Medical:Insurance                 27.38 USD
  Expenses:Health:Vision:Insurance                  42.30 USD
  Expenses:Taxes:Y2022:US:Medicare                 106.62 USD
  Expenses:Taxes:Y2022:US:Federal                 1062.92 USD
  Expenses:Taxes:Y2022:US:State                    365.08 USD
  Expenses:Taxes:Y2022:US:CityNYC                  174.92 USD
  Expenses:Taxes:Y2022:US:SDI                        1.12 USD
  Expenses:Taxes:Y2022:US:SocSec                   281.54 USD
  Assets:US:Federal:PreTax401k                   -1200.00 IRAUSD
  Expenses:Taxes:Y2022:US:Federal:PreTax401k      1200.00 IRAUSD
  Assets:US:Hooli:Vacation                              5 VACHR
  Income:US:Hooli:Vacation                             -5 VACHR

2022-05-19 * "Hooli" "Payroll"
  Assets:US:BofA:Checking                         1350.60 USD
  Assets:US:Vanguard:Cash                         1200.00 USD
  Income:US:Hooli:Salary                         -4615.38 USD
  Income:US:Hooli:GroupTermLife                    -24.32 USD
  Expenses:Health:Life:GroupTermLife                24.32 USD
  Expenses:Health:Dental:Insurance                   2.90 USD
  Expenses:Health:Medical:Insurance                 27.38 USD
  Expenses:Health:Vision:Insurance                  42.30 USD
  Expenses:Taxes:Y2022:US:Medicare                 106.62 USD
  Expenses:Taxes:Y2022:US:Federal                 1062.92 USD
  Expenses:Taxes:Y2022:US:State                    365.08 USD
  Expenses:Taxes:Y2022:US:CityNYC                  174.92 USD
  Expenses:Taxes:Y2022:US:SDI                        1.12 USD
  Expenses:Taxes:Y2022:US:SocSec                   281.54 USD
  Assets:US:Federal:PreTax401k                   -1200.00 IRAUSD
  Expenses:Taxes:Y2022:US:Federal:PreTax401k      1200.00 IRAUSD
  Assets:US:Hooli:Vacation                              5 VACHR
  Income:US:Hooli:Vacation                             -5 VACHR

2022-06-02 * "Hooli" "Payroll"
  Assets:US:BofA:Checking                         1350.60 USD
  Assets:US:Vanguard:Cash                         1200.00 USD
  Income:US:Hooli:Salary                         -4615.38 USD
  Income:US:Hooli:GroupTermLife                    -24.32 USD
  Expenses:Health:Life:GroupTermLife                24.32 USD
  Expenses:Health:Dental:Insurance                   2.90 USD
  Expenses:Health:Medical:Insurance                 27.38 USD
  Expenses:Health:Vision:Insurance                  42.30 USD
  Expenses:Taxes:Y2022:US:Medicare                 106.62 USD
  Expenses:Taxes:Y2022:US:Federal                 1062.92 USD
  Expenses:Taxes:Y2022:US:State                    365.08 USD
  Expenses:Taxes:Y2022:US:CityNYC                  174.92 USD
  Expenses:Taxes:Y2022:US:SDI                        1.12 USD
  Expenses:Taxes:Y2022:US:SocSec                   281.54 USD
  Assets:US:Federal:PreTax401k                   -1200.00 IRAUSD
  Expenses:Taxes:Y2022:US:Federal:PreTax401k      1200.00 IRAUSD
  Assets:US:Hooli:Vacation                              5 VACHR
  Income:US:Hooli:Vacation                             -5 VACHR

2022-06-16 * "Hooli" "Payroll"
  Assets:US:BofA:Checking                         1350.60 USD
  Assets:US:Vanguard:Cash                         1200.00 USD
  Income:US:Hooli:Salary                         -4615.38 USD
  Income:US:Hooli:GroupTermLife                    -24.32 USD
  Expenses:Health:Life:GroupTermLife                24.32 USD
  Expenses:Health:Dental:Insurance                   2.90 USD
  Expenses:Health:Medical:Insurance                 27.38 USD
  Expenses:Health:Vision:Insurance                  42.30 USD
  Expenses:Taxes:Y2022:US:Medicare                 106.62 USD
  Expenses:Taxes:Y2022:US:Federal                 1062.92 USD
  Expenses:Taxes:Y2022:US:State                    365.08 USD
  Expenses:Taxes:Y2022:US:CityNYC                  174.92 USD
  Expenses:Taxes:Y2022:US:SDI                        1.12 USD
  Expenses:Taxes:Y2022:US:SocSec                   281.54 USD
  Assets:US:Federal:PreTax401k                   -1200.00 IRAUSD
  Expenses:Taxes:Y2022:US:Federal:PreTax401k      1200.00 IRAUSD
  Assets:US:Hooli:Vacation                              5 VACHR
  Income:US:Hooli:Vacation                             -5 VACHR

2022-06-30 * "Hooli" "Payroll"
  Assets:US:BofA:Checking                         1350.60 USD
  Assets:US:Vanguard:Cash                         1200.00 USD
  Income:US:Hooli:Salary                         -4615.38 USD
  Income:US:Hooli:GroupTermLife                    -24.32 USD
  Expenses:Health:Life:GroupTermLife                24.32 USD
  Expenses:Health:Dental:Insurance                   2.90 USD
  Expenses:Health:Medical:Insurance                 27.38 USD
  Expenses:Health:Vision:Insurance                  42.30 USD
  Expenses:Taxes:Y2022:US:Medicare                 106.62 USD
  Expenses:Taxes:Y2022:US:Federal                 1062.92 USD
  Expenses:Taxes:Y2022:US:State                    365.08 USD
  Expenses:Taxes:Y2022:US:CityNYC                  174.92 USD
  Expenses:Taxes:Y2022:US:SDI                        1.12 USD
  Expenses:Taxes:Y2022:US:SocSec                   281.54 USD
  Assets:US:Federal:PreTax401k                   -1200.00 IRAUSD
  Expenses:Taxes:Y2022:US:Federal:PreTax401k      1200.00 IRAUSD
  Assets:US:Hooli:Vacation                              5 VACHR
  Income:US:Hooli:Vacation                             -5 VACHR

2022-07-14 * "Hooli" "Payroll"
  Assets:US:BofA:Checking                         1350.60 USD
  Assets:US:Vanguard:Cash                         1200.00 USD
  Income:US:Hooli:Salary                         -4615.38 USD
  Income:US:Hooli:GroupTermLife                    -24.32 USD
  Expenses:Health:Life:GroupTermLife                24.32 USD
  Expenses:Health:Dental:Insurance                   2.90 USD
  Expenses:Health:Medical:Insurance                 27.38 USD
  Expenses:Health:Vision:Insurance                  42.30 USD
  Expenses:Taxes:Y2022:US:Medicare                 106.62 USD
  Expenses:Taxes:Y2022:US:Federal                 1062.92 USD
  Expenses:Taxes:Y2022:US:State                    365.08 USD
  Expenses:Taxes:Y2022:US:CityNYC                  174.92 USD
  Expenses:Taxes:Y2022:US:SDI                        1.12 USD
  Expenses:Taxes:Y2022:US:SocSec                   281.54 USD
  Assets:US:Federal:PreTax401k                   -1200.00 IRAUSD
  Expenses:Taxes:Y2022:US:Federal:PreTax401k      1200.00 IRAUSD
  Assets:US:Hooli:Vacation                              5 VACHR
  Income:US:Hooli:Vacation                             -5 VACHR

2022-07-28 * "Hooli" "Payroll"
  Assets:US:BofA:Checking                         1350.60 USD
  Assets:US:Vanguard:Cash                         1200.00 USD
  Income:US:Hooli:Salary                         -4615.38 USD
  Income:US:Hooli:GroupTermLife                    -24.32 USD
  Expenses:Health:Life:GroupTermLife                24.32 USD
  Expenses:Health:Dental:Insurance                   2.90 USD
  Expenses:Health:Medical:Insurance                 27.38 USD
  Expenses:Health:Vision:Insurance                  42.30 USD
  Expenses:Taxes:Y2022:US:Medicare                 106.62 USD
  Expenses:Taxes:Y2022:US:Federal                 1062.92 USD
  Expenses:Taxes:Y2022:US:State                    365.08 USD
  Expenses:Taxes:Y2022:US:CityNYC                  174.92 USD
  Expenses:Taxes:Y2022:US:SDI                        1.12 USD
  Expenses:Taxes:Y2022:US:SocSec                   281.54 USD
  Assets:US:Federal:PreTax401k                   -1200.00 IRAUSD
  Expenses:Taxes:Y2022:US:Federal:PreTax401k      1200.00 IRAUSD
  Assets:US:Hooli:Vacation                              5 VACHR
  Income:US:Hooli:Vacation                             -5 VACHR

2022-08-11 * "Hooli" "Payroll"
  Assets:US:BofA:Checking                         2050.60 USD
  Assets:US:Vanguard:Cash                          500.00 USD
  Income:US:Hooli:Salary                         -4615.38 USD
  Income:US:Hooli:GroupTermLife                    -24.32 USD
  Expenses:Health:Life:GroupTermLife                24.32 USD
  Expenses:Health:Dental:Insurance                   2.90 USD
  Expenses:Health:Medical:Insurance                 27.38 USD
  Expenses:Health:Vision:Insurance                  42.30 USD
  Expenses:Taxes:Y2022:US:Medicare                 106.62 USD
  Expenses:Taxes:Y2022:US:Federal                 1062.92 USD
  Expenses:Taxes:Y2022:US:State                    365.08 USD
  Expenses:Taxes:Y2022:US:CityNYC                  174.92 USD
  Expenses:Taxes:Y2022:US:SDI                        1.12 USD
  Expenses:Taxes:Y2022:US:SocSec                   281.54 USD
  Assets:US:Federal:PreTax401k                    -500.00 IRAUSD
  Expenses:Taxes:Y2022:US:Federal:PreTax401k
  Assets:US:Hooli:Vacation                              5 VACHR
  Income:US:Hooli:Vacation                             -5 VACHR

2022-08-25 * "Hooli" "Payroll"
  Assets:US:BofA:Checking                         2550.60 USD
  Income:US:Hooli:Salary                         -4615.38 USD
  Income:US:Hooli:GroupTermLife                    -24.32 USD
  Expenses:Health:Life:GroupTermLife                24.32 USD
  Expenses:Health:Dental:Insurance                   2.90 USD
  Expenses:Health:Medical:Insurance                 27.38 USD
  Expenses:Health:Vision:Insurance                  42.30 USD
  Expenses:Taxes:Y2022:US:Medicare                 106.62 USD
  Expenses:Taxes:Y2022:US:Federal                 1062.92 USD
  Expenses:Taxes:Y2022:US:State                    365.08 USD
  Expenses:Taxes:Y2022:US:CityNYC                  174.92 USD
  Expenses:Taxes:Y2022:US:SDI                        1.12 USD
  Expenses:Taxes:Y2022:US:SocSec                   281.54 USD
  Assets:US:Federal:PreTax401k                       0.00 IRAUSD
  Assets:US:Hooli:Vacation                              5 VACHR
  Income:US:Hooli:Vacation                             -5 VACHR

2022-09-08 * "Hooli" "Payroll"
  Assets:US:BofA:Checking                         2550.60 USD
  Income:US:Hooli:Salary                         -4615.38 USD
  Income:US:Hooli:GroupTermLife                    -24.32 USD
  Expenses:Health:Life:GroupTermLife                24.32 USD
  Expenses:Health:Dental:Insurance                   2.90 USD
  Expenses:Health:Medical:Insurance                 27.38 USD
  Expenses:Health:Vision:Insurance                  42.30 USD
  Expenses:Taxes:Y2022:US:Medicare                 106.62 USD
  Expenses:Taxes:Y2022:US:Federal                 1062.92 USD
  Expenses:Taxes:Y2022:US:State                    365.08 USD
  Expenses:Taxes:Y2022:US:CityNYC                  174.92 USD
  Expenses:Taxes:Y2022:US:SDI                        1.12 USD
  Expenses:Taxes:Y2022:US:SocSec                   281.54 USD
  Assets:US:Federal:PreTax401k                       0.00 IRAUSD
  Assets:US:Hooli:Vacation                              5 VACHR
  Income:US:Hooli:Vacation                             -5 VACHR

2022-09-22 * "Hooli" "Payroll"
  Assets:US:BofA:Checking                         2550.60 USD
  Income:US:Hooli:Salary                         -4615.38 USD
  Income:US:Hooli:GroupTermLife                    -24.32 USD
  Expenses:Health:Life:GroupTermLife                24.32 USD
  Expenses:Health:Dental:Insurance                   2.90 USD
  Expenses:Health:Medical:Insurance                 27.38 USD
  Expenses:Health:Vision:Insurance                  42.30 USD
  Expenses:Taxes:Y2022:US:Medicare                 106.62 USD
  Expenses:Taxes:Y2022:US:Federal                 1062.92 USD
  Expenses:Taxes:Y2022:US:State                    365.08 USD
  Expenses:Taxes:Y2022:US:CityNYC                  174.92 USD
  Expenses:Taxes:Y2022:US:SDI                        1.12 USD
  Expenses:Taxes:Y2022:US:SocSec                   281.54 USD
  Assets:US:Federal:PreTax401k                       0.00 IRAUSD
  Assets:US:Hooli:Vacation                              5 VACHR
  Income:US:Hooli:Vacation                             -5 VACHR

2022-10-06 * "Hooli" "Payroll"
  Assets:US:BofA:Checking                         2550.60 USD
  Income:US:Hooli:Salary                         -4615.38 USD
  Income:US:Hooli:GroupTermLife                    -24.32 USD
  Expenses:Health:Life:GroupTermLife                24.32 USD
  Expenses:Health:Dental:Insurance                   2.90 USD
  Expenses:Health:Medical:Insurance                 27.38 USD
  Expenses:Health:Vision:Insurance                  42.30 USD
  Expenses:Taxes:Y2022:US:Medicare                 106.62 USD
  Expenses:Taxes:Y2022:US:Federal                 1062.92 USD
  Expenses:Taxes:Y2022:US:State                    365.08 USD
  Expenses:Taxes:Y2022:US:CityNYC                  174.92 USD
  Expenses:Taxes:Y2022:US:SDI                        1.12 USD
  Expenses:Taxes:Y2022:US:SocSec                   281.54 USD
  Assets:US:Federal:PreTax401k                       0.00 IRAUSD
  Assets:US:Hooli:Vacation                              5 VACHR
  Income:US:Hooli:Vacation                             -5 VACHR



* Taxes

1980-05-12 open Income:US:Federal:PreTax401k                    IRAUSD
1980-05-12 open Assets:US:Federal:PreTax401k                    IRAUSD



** Tax Year 2020

2020-01-01 open Expenses:Taxes:Y2020:US:Federal:PreTax401k      IRAUSD
2020-01-01 open Expenses:Taxes:Y2020:US:Medicare                USD
2020-01-01 open Expenses:Taxes:Y2020:US:Federal                 USD
2020-01-01 open Expenses:Taxes:Y2020:US:CityNYC                 USD
2020-01-01 open Expenses:Taxes:Y2020:US:SDI                     USD
2020-01-01 open Expenses:Taxes:Y2020:US:State                   USD
2020-01-01 open Expenses:Taxes:Y2020:US:SocSec                  USD

2020-01-01 balance Assets:US:Federal:PreTax401k         0 IRAUSD

2020-01-01 * "Allowed contributions for one year"
  Income:US:Federal:PreTax401k                     -18500 IRAUSD
  Assets:US:Federal:PreTax401k                      18500 IRAUSD

2021-03-23 * "Filing taxes for 2020"
  Expenses:Taxes:Y2020:US:Federal                  449.63 USD
  Expenses:Taxes:Y2020:US:State                    144.51 USD
  Liabilities:AccountsPayable                     -594.14 USD

2021-03-24 * "STATE TAX & FINANC PYMT"
  Assets:US:BofA:Checking                         -144.51 USD
  Liabilities:AccountsPayable                      144.51 USD

2021-03-25 * "FEDERAL TAXPYMT"
  Assets:US:BofA:Checking                         -449.63 USD
  Liabilities:AccountsPayable                      449.63 USD



** Tax Year 2021

2021-01-01 open Expenses:Taxes:Y2021:US:Federal:PreTax401k      IRAUSD
2021-01-01 open Expenses:Taxes:Y2021:US:Medicare                USD
2021-01-01 open Expenses:Taxes:Y2021:US:Federal                 USD
2021-01-01 open Expenses:Taxes:Y2021:US:CityNYC                 USD
2021-01-01 open Expenses:Taxes:Y2021:US:SDI                     USD
2021-01-01 open Expenses:Taxes:Y2021:US:State                   USD
2021-01-01 open Expenses:Taxes:Y2021:US:SocSec                  USD

2021-01-01 balance Assets:US:Federal:PreTax401k         0 IRAUSD

2021-01-01 * "Allowed contributions for one year"
  Income:US:Federal:PreTax401k                     -18500 IRAUSD
  Assets:US:Federal:PreTax401k                      18500 IRAUSD

2022-03-20 * "Filing taxes for 2021"
  Expenses:Taxes:Y2021:US:Federal                  311.75 USD
  Expenses:Taxes:Y2021:US:State                    254.18 USD
  Liabilities:AccountsPayable                     -565.93 USD

2022-03-20 * "FEDERAL TAXPYMT"
  Assets:US:BofA:Checking                         -311.75 USD
  Liabilities:AccountsPayable                      311.75 USD

2022-03-22 * "STATE TAX & FINANC PYMT"
  Assets:US:BofA:Checking                         -254.18 USD
  Liabilities:AccountsPayable                      254.18 USD



** Tax Year 2022

2022-01-01 open Expenses:Taxes:Y2022:US:Federal:PreTax401k      IRAUSD
2022-01-01 open Expenses:Taxes:Y2022:US:Medicare                USD
2022-01-01 open Expenses:Taxes:Y2022:US:Federal                 USD
2022-01-01 open Expenses:Taxes:Y2022:US:CityNYC                 USD
2022-01-01 open Expenses:Taxes:Y2022:US:SDI                     USD
2022-01-01 open Expenses:Taxes:Y2022:US:State                   USD
2022-01-01 open Expenses:Taxes:Y2022:US:SocSec                  USD

2022-01-01 balance Assets:US:Federal:PreTax401k         0 IRAUSD

2022-01-01 * "Allowed contributions for one year"
  Income:US:Federal:PreTax401k                     -18500 IRAUSD
  Assets:US:Federal:PreTax401k                      18500 IRAUSD



* Expenses

1980-05-12 open Expenses:Food:Groceries
1980-05-12 open Expenses:Food:Restaurant
1980-05-12 open Expenses:Food:Coffee
1980-05-12 open Expenses:Food:Alcohol
1980-05-12 open Expenses:Transport:Tram
1980-05-12 open Expenses:Home:Rent
1980-05-12 open Expenses:Home:Electricity
1980-05-12 open Expenses:Home:Internet
1980-05-12 open Expenses:Home:Phone
1980-05-12 open Expenses:Financial:Fees
1980-05-12 open Expenses:Financial:Commissions



* Prices

2020-01-03 price VBMPX                             186.34 USD
2020-01-03 price RGAGX                             140.94 USD
2020-01-03 price ITOT                              130.78 USD
2020-01-03 price VEA                               102.02 USD
2020-01-03 price VHT                                85.79 USD
2020-01-03 price GLD                               139.52 USD
2020-01-10 price VBMPX                             187.88 USD
2020-01-10 price RGAGX                             139.36 USD
2020-01-10 price ITOT                              129.39 USD
2020-01-10 price VEA                               102.14 USD
2020-01-10 price VHT                                85.31 USD
2020-01-10 price GLD                               139.70 USD
2020-01-17 price VBMPX                             188.10 USD
2020-01-17 price RGAGX                             137.61 USD
2020-01-17 price ITOT                              129.35 USD
2020-01-17 price VEA                               104.96 USD
2020-01-17 price VHT                                86.26 USD
2020-01-17 price GLD                               140.06 USD
2020-01-24 price VBMPX                             184.45 USD
2020-01-24 price RGAGX                             137.51 USD
2020-01-24 price ITOT                              128.22 USD
2020-01-24 price VEA                               103.66 USD
2020-01-24 price VHT                                86.96 USD
2020-01-24 price GLD                               139.11 USD
2020-01-31 price VBMPX                             182.16 USD
2020-01-31 price RGAGX                             141.09 USD
2020-01-31 price ITOT                              130.89 USD
2020-01-31 price VEA                               104.01 USD
2020-01-31 price VHT                                86.55 USD
2020-01-31 price GLD                               137.77 USD
2020-02-07 price VBMPX                             183.99 USD
2020-02-07 price RGAGX                             137.23 USD
2020-02-07 price ITOT                              134.83 USD
2020-02-07 price VEA                               102.16 USD
2020-02-07 price VHT                                87.64 USD
2020-02-07 price GLD                               136.37 USD
2020-02-14 price VBMPX                             181.20 USD
2020-02-14 price RGAGX                             138.94 USD
2020-02-14 price ITOT                              138.45 USD
2020-02-14 price VEA                               102.80 USD
2020-02-14 price VHT                                88.09 USD
2020-02-14 price GLD                               138.26 USD
2020-02-21 price VBMPX                             183.46 USD
2020-02-21 price RGAGX                             138.46 USD
2020-02-21 price ITOT                              138.57 USD
2020-02-21 price VEA                               104.47 USD
2020-02-21 price VHT                                87.67 USD
2020-02-21 price GLD                               137.95 USD
2020-02-28 price VBMPX                             186.60 USD
2020-02-28 price RGAGX                             137.16 USD
2020-02-28 price ITOT                              137.73 USD
2020-02-28 price VEA                               106.02 USD
2020-02-28 price VHT                                87.01 USD
2020-02-28 price GLD                               138.53 USD
2020-03-06 price VBMPX                             185.83 USD
2020-03-06 price RGAGX                             136.13 USD
2020-03-06 price ITOT                              139.61 USD
2020-03-06 price VEA                               106.10 USD
2020-03-06 price VHT                                87.49 USD
2020-03-06 price GLD                               139.90 USD
2020-03-13 price VBMPX                             185.05 USD
2020-03-13 price RGAGX                             135.73 USD
2020-03-13 price ITOT                              142.70 USD
2020-03-13 price VEA                               106.55 USD
2020-03-13 price VHT                                87.20 USD
2020-03-13 price GLD                               140.92 USD
2020-03-20 price VBMPX                             184.23 USD
2020-03-20 price RGAGX                             136.27 USD
2020-03-20 price ITOT                              144.82 USD
2020-03-20 price VEA                               107.03 USD
2020-03-20 price VHT                                87.28 USD
2020-03-20 price GLD                               140.95 USD
2020-03-27 price VBMPX                             179.65 USD
2020-03-27 price RGAGX                             138.37 USD
2020-03-27 price ITOT                              141.37 USD
2020-03-27 price VEA                               105.41 USD
2020-03-27 price VHT                                88.81 USD
2020-03-27 price GLD                               140.66 USD
2020-04-03 price VBMPX                             179.00 USD
2020-04-03 price RGAGX                             138.67 USD
2020-04-03 price ITOT                              141.14 USD
2020-04-03 price VEA                               106.00 USD
2020-04-03 price VHT                                90.52 USD
2020-04-03 price GLD                               142.05 USD
2020-04-10 price VBMPX                             179.78 USD
2020-04-10 price RGAGX                             142.29 USD
2020-04-10 price ITOT                              143.31 USD
2020-04-10 price VEA                               106.10 USD
2020-04-10 price VHT                                89.62 USD
2020-04-10 price GLD                               141.61 USD
2020-04-17 price VBMPX                             181.73 USD
2020-04-17 price RGAGX                             142.16 USD
2020-04-17 price ITOT                              142.35 USD
2020-04-17 price VEA                               106.37 USD
2020-04-17 price VHT                                89.36 USD
2020-04-17 price GLD                               141.76 USD
2020-04-24 price VBMPX                             182.87 USD
2020-04-24 price RGAGX                             143.82 USD
2020-04-24 price ITOT                              140.93 USD
2020-04-24 price VEA                               105.36 USD
2020-04-24 price VHT                                88.05 USD
2020-04-24 price GLD                               142.18 USD
2020-05-01 price VBMPX                             183.08 USD
2020-05-01 price RGAGX                             143.33 USD
2020-05-01 price ITOT                              138.63 USD
2020-05-01 price VEA                               107.33 USD
2020-05-01 price VHT                                88.47 USD
2020-05-01 price GLD                               144.06 USD
2020-05-08 price VBMPX                             185.31 USD
2020-05-08 price RGAGX                             142.87 USD
2020-05-08 price ITOT                              140.01 USD
2020-05-08 price VEA                               108.56 USD
2020-05-08 price VHT                                89.63 USD
2020-05-08 price GLD                               145.61 USD
2020-05-15 price VBMPX                             186.57 USD
2020-05-15 price RGAGX                             145.23 USD
2020-05-15 price ITOT                              144.34 USD
2020-05-15 price VEA                               107.02 USD
2020-05-15 price VHT                                91.41 USD
2020-05-15 price GLD                               143.23 USD
2020-05-22 price VBMPX                             191.97 USD
2020-05-22 price RGAGX                             146.85 USD
2020-05-22 price ITOT                              147.30 USD
2020-05-22 price VEA                               107.27 USD
2020-05-22 price VHT                                91.84 USD
2020-05-22 price GLD                               143.23 USD
2020-05-29 price VBMPX                             191.06 USD
2020-05-29 price RGAGX                             145.34 USD
2020-05-29 price ITOT                              145.91 USD
2020-05-29 price VEA                               107.44 USD
2020-05-29 price VHT                                91.99 USD
2020-05-29 price GLD                               144.12 USD
2020-06-05 price VBMPX                             186.67 USD
2020-06-05 price RGAGX                             148.10 USD
2020-06-05 price ITOT                              144.64 USD
2020-06-05 price VEA                               107.12 USD
2020-06-05 price VHT                                91.04 USD
2020-06-05 price GLD                               144.63 USD
2020-06-12 price VBMPX                             188.64 USD
2020-06-12 price RGAGX                             146.99 USD
2020-06-12 price ITOT                              143.11 USD
2020-06-12 price VEA                               104.27 USD
2020-06-12 price VHT                                90.29 USD
2020-06-12 price GLD                               145.68 USD
2020-06-19 price VBMPX                             184.76 USD
2020-06-19 price RGAGX                             146.47 USD
2020-06-19 price ITOT                              141.07 USD
2020-06-19 price VEA                               105.62 USD
2020-06-19 price VHT                                90.90 USD
2020-06-19 price GLD                               146.15 USD
2020-06-26 price VBMPX                             183.37 USD
2020-06-26 price RGAGX                             143.81 USD
2020-06-26 price ITOT                              132.82 USD
2020-06-26 price VEA                               105.55 USD
2020-06-26 price VHT                                91.23 USD
2020-06-26 price GLD                               146.86 USD
2020-07-03 price VBMPX                             182.84 USD
2020-07-03 price RGAGX                             139.39 USD
2020-07-03 price ITOT                              131.16 USD
2020-07-03 price VEA                               104.47 USD
2020-07-03 price VHT                                90.94 USD
2020-07-03 price GLD                               145.78 USD
2020-07-10 price VBMPX                             184.43 USD
2020-07-10 price RGAGX                             142.17 USD
2020-07-10 price ITOT                              128.43 USD
2020-07-10 price VEA                               106.06 USD
2020-07-10 price VHT                                89.40 USD
2020-07-10 price GLD                               146.44 USD
2020-07-17 price VBMPX                             188.11 USD
2020-07-17 price RGAGX                             142.57 USD
2020-07-17 price ITOT                              129.21 USD
2020-07-17 price VEA                               106.73 USD
2020-07-17 price VHT                                89.86 USD
2020-07-17 price GLD                               146.23 USD
2020-07-24 price VBMPX                             188.90 USD
2020-07-24 price RGAGX                             146.94 USD
2020-07-24 price ITOT                              127.60 USD
2020-07-24 price VEA                               107.26 USD
2020-07-24 price VHT                                89.88 USD
2020-07-24 price GLD                               145.37 USD
2020-07-31 price VBMPX                             186.18 USD
2020-07-31 price RGAGX                             148.64 USD
2020-07-31 price ITOT                              127.99 USD
2020-07-31 price VEA                               110.04 USD
2020-07-31 price VHT                                90.31 USD
2020-07-31 price GLD                               144.93 USD
2020-08-07 price VBMPX                             183.53 USD
2020-08-07 price RGAGX                             153.46 USD
2020-08-07 price ITOT                              124.90 USD
2020-08-07 price VEA                               110.94 USD
2020-08-07 price VHT                                92.82 USD
2020-08-07 price GLD                               145.64 USD
2020-08-14 price VBMPX                             183.91 USD
2020-08-14 price RGAGX                             153.19 USD
2020-08-14 price ITOT                              124.42 USD
2020-08-14 price VEA                               110.66 USD
2020-08-14 price VHT                                93.59 USD
2020-08-14 price GLD                               146.18 USD
2020-08-21 price VBMPX                             184.93 USD
2020-08-21 price RGAGX                             152.49 USD
2020-08-21 price ITOT                              125.48 USD
2020-08-21 price VEA                               109.23 USD
2020-08-21 price VHT                                91.71 USD
2020-08-21 price GLD                               144.32 USD
2020-08-28 price VBMPX                             188.62 USD
2020-08-28 price RGAGX                             155.10 USD
2020-08-28 price ITOT                              123.36 USD
2020-08-28 price VEA                               110.10 USD
2020-08-28 price VHT                                93.95 USD
2020-08-28 price GLD                               143.91 USD
2020-09-04 price VBMPX                             189.22 USD
2020-09-04 price RGAGX                             152.20 USD
2020-09-04 price ITOT                              124.88 USD
2020-09-04 price VEA                               108.98 USD
2020-09-04 price VHT                                94.79 USD
2020-09-04 price GLD                               145.35 USD
2020-09-11 price VBMPX                             191.47 USD
2020-09-11 price RGAGX                             153.56 USD
2020-09-11 price ITOT                              128.23 USD
2020-09-11 price VEA                               110.37 USD
2020-09-11 price VHT                                95.55 USD
2020-09-11 price GLD                               145.75 USD
2020-09-18 price VBMPX                             188.74 USD
2020-09-18 price RGAGX                             151.38 USD
2020-09-18 price ITOT                              131.39 USD
2020-09-18 price VEA                               110.27 USD
2020-09-18 price VHT                                95.38 USD
2020-09-18 price GLD                               145.84 USD
2020-09-25 price VBMPX                             184.96 USD
2020-09-25 price RGAGX                             152.52 USD
2020-09-25 price ITOT                              129.29 USD
2020-09-25 price VEA                               112.47 USD
2020-09-25 price VHT                                95.87 USD
2020-09-25 price GLD                               144.91 USD
2020-10-02 price VBMPX                             186.46 USD
2020-10-02 price RGAGX                             154.81 USD
2020-10-02 price ITOT                              131.43 USD
2020-10-02 price VEA                               111.94 USD
2020-10-02 price VHT                                94.66 USD
2020-10-02 price GLD                               145.14 USD
2020-10-09 price VBMPX                             182.72 USD
2020-10-09 price RGAGX                             156.03 USD
2020-10-09 price ITOT                              130.98 USD
2020-10-09 price VEA                               110.89 USD
2020-10-09 price VHT                                97.91 USD
2020-10-09 price GLD                               145.92 USD
2020-10-16 price VBMPX                             185.12 USD
2020-10-16 price RGAGX                             156.47 USD
2020-10-16 price ITOT                              126.55 USD
2020-10-16 price VEA                               108.67 USD
2020-10-16 price VHT                                99.05 USD
2020-10-16 price GLD                               144.51 USD
2020-10-23 price VBMPX                             185.77 USD
2020-10-23 price RGAGX                             156.57 USD
2020-10-23 price ITOT                              125.22 USD
2020-10-23 price VEA                               107.85 USD
2020-10-23 price VHT                                99.78 USD
2020-10-23 price GLD                               145.74 USD
2020-10-30 price VBMPX                             188.34 USD
2020-10-30 price RGAGX                             163.13 USD
2020-10-30 price ITOT                              124.98 USD
2020-10-30 price VEA                               111.28 USD
2020-10-30 price VHT                                99.69 USD
2020-10-30 price GLD                               145.10 USD
2020-11-06 price VBMPX                             188.40 USD
2020-11-06 price RGAGX                             162.69 USD
2020-11-06 price ITOT                              127.96 USD
2020-11-06 price VEA                               111.07 USD
2020-11-06 price VHT                                98.94 USD
2020-11-06 price GLD                               144.51 USD
2020-11-13 price VBMPX                             188.57 USD
2020-11-13 price RGAGX                             157.10 USD
2020-11-13 price ITOT                              131.85 USD
2020-11-13 price VEA                               109.92 USD
2020-11-13 price VHT                                98.46 USD
2020-11-13 price GLD                               144.33 USD
2020-11-20 price VBMPX                             188.88 USD
2020-11-20 price RGAGX                             158.88 USD
2020-11-20 price ITOT                              128.03 USD
2020-11-20 price VEA                               111.03 USD
2020-11-20 price VHT                               100.60 USD
2020-11-20 price GLD                               143.19 USD
2020-11-27 price VBMPX                             187.79 USD
2020-11-27 price RGAGX                             157.33 USD
2020-11-27 price ITOT                              129.93 USD
2020-11-27 price VEA                               113.53 USD
2020-11-27 price VHT                               103.11 USD
2020-11-27 price GLD                               141.03 USD
2020-12-04 price VBMPX                             189.11 USD
2020-12-04 price RGAGX                             156.34 USD
2020-12-04 price ITOT                              126.05 USD
2020-12-04 price VEA                               114.58 USD
2020-12-04 price VHT                               103.72 USD
2020-12-04 price GLD                               141.16 USD
2020-12-11 price VBMPX                             185.76 USD
2020-12-11 price RGAGX                             160.85 USD
2020-12-11 price ITOT                              128.19 USD
2020-12-11 price VEA                               113.58 USD
2020-12-11 price VHT                               104.01 USD
2020-12-11 price GLD                               140.90 USD
2020-12-18 price VBMPX                             182.17 USD
2020-12-18 price RGAGX                             165.32 USD
2020-12-18 price ITOT                              129.21 USD
2020-12-18 price VEA                               114.15 USD
2020-12-18 price VHT                               106.82 USD
2020-12-18 price GLD                               140.87 USD
2020-12-25 price VBMPX                             182.27 USD
2020-12-25 price RGAGX                             167.05 USD
2020-12-25 price ITOT                              130.03 USD
2020-12-25 price VEA                               115.02 USD
2020-12-25 price VHT                               109.05 USD
2020-12-25 price GLD                               140.82 USD
2021-01-01 price VBMPX                             177.48 USD
2021-01-01 price RGAGX                             165.02 USD
2021-01-01 price ITOT                              128.29 USD
2021-01-01 price VEA                               115.79 USD
2021-01-01 price VHT                               107.28 USD
2021-01-01 price GLD                               141.02 USD
2021-01-08 price VBMPX                             179.96 USD
2021-01-08 price RGAGX                             169.05 USD
2021-01-08 price ITOT                              129.51 USD
2021-01-08 price VEA                               115.11 USD
2021-01-08 price VHT                               109.23 USD
2021-01-08 price GLD                               142.76 USD
2021-01-15 price VBMPX                             176.53 USD
2021-01-15 price RGAGX                             168.08 USD
2021-01-15 price ITOT                              127.86 USD
2021-01-15 price VEA                               115.29 USD
2021-01-15 price VHT                               109.51 USD
2021-01-15 price GLD                               143.66 USD
2021-01-22 price VBMPX                             180.85 USD
2021-01-22 price RGAGX                             169.32 USD
2021-01-22 price ITOT                              126.58 USD
2021-01-22 price VEA                               117.35 USD
2021-01-22 price VHT                               107.75 USD
2021-01-22 price GLD                               143.18 USD
2021-01-29 price VBMPX                             182.55 USD
2021-01-29 price RGAGX                             169.11 USD
2021-01-29 price ITOT                              124.01 USD
2021-01-29 price VEA                               118.73 USD
2021-01-29 price VHT                               108.43 USD
2021-01-29 price GLD                               142.60 USD
2021-02-05 price VBMPX                             184.11 USD
2021-02-05 price RGAGX                             173.74 USD
2021-02-05 price ITOT                              127.90 USD
2021-02-05 price VEA                               118.85 USD
2021-02-05 price VHT                               107.98 USD
2021-02-05 price GLD                               141.43 USD
2021-02-12 price VBMPX                             185.18 USD
2021-02-12 price RGAGX                             175.27 USD
2021-02-12 price ITOT                              130.82 USD
2021-02-12 price VEA                               117.09 USD
2021-02-12 price VHT                               109.10 USD
2021-02-12 price GLD                               141.96 USD
2021-02-19 price VBMPX                             182.12 USD
2021-02-19 price RGAGX                             176.21 USD
2021-02-19 price ITOT                              131.24 USD
2021-02-19 price VEA                               118.37 USD
2021-02-19 price VHT                               109.81 USD
2021-02-19 price GLD                               141.41 USD
2021-02-26 price VBMPX                             184.79 USD
2021-02-26 price RGAGX                             173.89 USD
2021-02-26 price ITOT                              132.06 USD
2021-02-26 price VEA                               118.80 USD
2021-02-26 price VHT                               108.75 USD
2021-02-26 price GLD                               140.87 USD
2021-03-05 price VBMPX                             184.27 USD
2021-03-05 price RGAGX                             175.05 USD
2021-03-05 price ITOT                              132.76 USD
2021-03-05 price VEA                               119.12 USD
2021-03-05 price VHT                               110.76 USD
2021-03-05 price GLD                               142.18 USD
2021-03-12 price VBMPX                             183.35 USD
2021-03-12 price RGAGX                             171.13 USD
2021-03-12 price ITOT                              133.50 USD
2021-03-12 price VEA                               117.49 USD
2021-03-12 price VHT                               111.30 USD
2021-03-12 price GLD                               140.73 USD
2021-03-19 price VBMPX                             184.19 USD
2021-03-19 price RGAGX                             169.45 USD
2021-03-19 price ITOT                              137.52 USD
2021-03-19 price VEA                               117.93 USD
2021-03-19 price VHT                               112.88 USD
2021-03-19 price GLD                               139.10 USD
2021-03-26 price VBMPX                             183.08 USD
2021-03-26 price RGAGX                             168.76 USD
2021-03-26 price ITOT                              141.81 USD
2021-03-26 price VEA                               117.93 USD
2021-03-26 price VHT                               115.42 USD
2021-03-26 price GLD                               140.69 USD
2021-04-02 price VBMPX                             183.92 USD
2021-04-02 price RGAGX                             170.96 USD
2021-04-02 price ITOT                              143.23 USD
2021-04-02 price VEA                               118.92 USD
2021-04-02 price VHT                               115.53 USD
2021-04-02 price GLD                               140.84 USD
2021-04-09 price VBMPX                             184.16 USD
2021-04-09 price RGAGX                             162.60 USD
2021-04-09 price ITOT                              143.69 USD
2021-04-09 price VEA                               118.33 USD
2021-04-09 price VHT                               117.91 USD
2021-04-09 price GLD                               141.26 USD
2021-04-16 price VBMPX                             182.78 USD
2021-04-16 price RGAGX                             162.45 USD
2021-04-16 price ITOT                              140.02 USD
2021-04-16 price VEA                               117.11 USD
2021-04-16 price VHT                               117.59 USD
2021-04-16 price GLD                               143.03 USD
2021-04-23 price VBMPX                             181.77 USD
2021-04-23 price RGAGX                             162.53 USD
2021-04-23 price ITOT                              138.95 USD
2021-04-23 price VEA                               117.17 USD
2021-04-23 price VHT                               118.03 USD
2021-04-23 price GLD                               145.47 USD
2021-04-30 price VBMPX                             183.92 USD
2021-04-30 price RGAGX                             159.23 USD
2021-04-30 price ITOT                              140.36 USD
2021-04-30 price VEA                               116.88 USD
2021-04-30 price VHT                               118.80 USD
2021-04-30 price GLD                               146.91 USD
2021-05-07 price VBMPX                             184.67 USD
2021-05-07 price RGAGX                             155.92 USD
2021-05-07 price ITOT                              141.84 USD
2021-05-07 price VEA                               119.11 USD
2021-05-07 price VHT                               117.77 USD
2021-05-07 price GLD                               147.04 USD
2021-05-14 price VBMPX                             186.59 USD
2021-05-14 price RGAGX                             152.76 USD
2021-05-14 price ITOT                              142.27 USD
2021-05-14 price VEA                               117.11 USD
2021-05-14 price VHT                               116.28 USD
2021-05-14 price GLD                               145.65 USD
2021-05-21 price VBMPX                             185.14 USD
2021-05-21 price RGAGX                             149.93 USD
2021-05-21 price ITOT                              143.28 USD
2021-05-21 price VEA                               119.44 USD
2021-05-21 price VHT                               113.53 USD
2021-05-21 price GLD                               148.25 USD
2021-05-28 price VBMPX                             185.88 USD
2021-05-28 price RGAGX                             152.71 USD
2021-05-28 price ITOT                              143.08 USD
2021-05-28 price VEA                               119.95 USD
2021-05-28 price VHT                               113.97 USD
2021-05-28 price GLD                               148.35 USD
2021-06-04 price VBMPX                             184.61 USD
2021-06-04 price RGAGX                             153.60 USD
2021-06-04 price ITOT                              145.43 USD
2021-06-04 price VEA                               121.28 USD
2021-06-04 price VHT                               113.72 USD
2021-06-04 price GLD                               148.78 USD
2021-06-11 price VBMPX                             188.48 USD
2021-06-11 price RGAGX                             152.35 USD
2021-06-11 price ITOT                              145.15 USD
2021-06-11 price VEA                               118.77 USD
2021-06-11 price VHT                               112.18 USD
2021-06-11 price GLD                               149.11 USD
2021-06-18 price VBMPX                             188.02 USD
2021-06-18 price RGAGX                             145.33 USD
2021-06-18 price ITOT                              142.82 USD
2021-06-18 price VEA                               119.27 USD
2021-06-18 price VHT                               111.15 USD
2021-06-18 price GLD                               147.37 USD
2021-06-25 price VBMPX                             188.81 USD
2021-06-25 price RGAGX                             148.33 USD
2021-06-25 price ITOT                              139.50 USD
2021-06-25 price VEA                               118.40 USD
2021-06-25 price VHT                               110.24 USD
2021-06-25 price GLD                               146.89 USD
2021-07-02 price VBMPX                             188.99 USD
2021-07-02 price RGAGX                             150.12 USD
2021-07-02 price ITOT                              142.27 USD
2021-07-02 price VEA                               121.47 USD
2021-07-02 price VHT                               110.86 USD
2021-07-02 price GLD                               147.38 USD
2021-07-09 price VBMPX                             189.65 USD
2021-07-09 price RGAGX                             145.53 USD
2021-07-09 price ITOT                              147.77 USD
2021-07-09 price VEA                               121.64 USD
2021-07-09 price VHT                               112.63 USD
2021-07-09 price GLD                               146.69 USD
2021-07-16 price VBMPX                             192.72 USD
2021-07-16 price RGAGX                             145.96 USD
2021-07-16 price ITOT                              148.88 USD
2021-07-16 price VEA                               120.37 USD
2021-07-16 price VHT                               114.90 USD
2021-07-16 price GLD                               148.42 USD
2021-07-23 price VBMPX                             194.09 USD
2021-07-23 price RGAGX                             146.15 USD
2021-07-23 price ITOT                              146.58 USD
2021-07-23 price VEA                               122.01 USD
2021-07-23 price VHT                               117.22 USD
2021-07-23 price GLD                               148.85 USD
2021-07-30 price VBMPX                             196.53 USD
2021-07-30 price RGAGX                             149.96 USD
2021-07-30 price ITOT                              150.54 USD
2021-07-30 price VEA                               120.36 USD
2021-07-30 price VHT                               118.14 USD
2021-07-30 price GLD                               148.56 USD
2021-08-06 price VBMPX                             197.96 USD
2021-08-06 price RGAGX                             153.45 USD
2021-08-06 price ITOT                              150.62 USD
2021-08-06 price VEA                               121.53 USD
2021-08-06 price VHT                               116.24 USD
2021-08-06 price GLD                               149.33 USD
2021-08-13 price VBMPX                             195.10 USD
2021-08-13 price RGAGX                             149.45 USD
2021-08-13 price ITOT                              154.52 USD
2021-08-13 price VEA                               122.49 USD
2021-08-13 price VHT                               116.69 USD
2021-08-13 price GLD                               148.46 USD
2021-08-20 price VBMPX                             193.48 USD
2021-08-20 price RGAGX                             150.67 USD
2021-08-20 price ITOT                              154.07 USD
2021-08-20 price VEA                               118.46 USD
2021-08-20 price VHT                               116.69 USD
2021-08-20 price GLD                               149.02 USD
2021-08-27 price VBMPX                             190.10 USD
2021-08-27 price RGAGX                             150.42 USD
2021-08-27 price ITOT                              156.61 USD
2021-08-27 price VEA                               117.90 USD
2021-08-27 price VHT                               113.03 USD
2021-08-27 price GLD                               148.98 USD
2021-09-03 price VBMPX                             189.95 USD
2021-09-03 price RGAGX                             147.64 USD
2021-09-03 price ITOT                              154.57 USD
2021-09-03 price VEA                               117.27 USD
2021-09-03 price VHT                               110.61 USD
2021-09-03 price GLD                               148.56 USD
2021-09-10 price VBMPX                             190.59 USD
2021-09-10 price RGAGX                             145.98 USD
2021-09-10 price ITOT                              153.53 USD
2021-09-10 price VEA                               118.71 USD
2021-09-10 price VHT                               112.32 USD
2021-09-10 price GLD                               147.39 USD
2021-09-17 price VBMPX                             191.05 USD
2021-09-17 price RGAGX                             143.91 USD
2021-09-17 price ITOT                              155.51 USD
2021-09-17 price VEA                               117.24 USD
2021-09-17 price VHT                               112.77 USD
2021-09-17 price GLD                               148.67 USD
2021-09-24 price VBMPX                             187.78 USD
2021-09-24 price RGAGX                             145.12 USD
2021-09-24 price ITOT                              154.48 USD
2021-09-24 price VEA                               119.65 USD
2021-09-24 price VHT                               111.19 USD
2021-09-24 price GLD                               147.40 USD
2021-10-01 price VBMPX                             184.31 USD
2021-10-01 price RGAGX                             142.13 USD
2021-10-01 price ITOT                              154.15 USD
2021-10-01 price VEA                               119.67 USD
2021-10-01 price VHT                               114.08 USD
2021-10-01 price GLD                               148.51 USD
2021-10-08 price VBMPX                             186.34 USD
2021-10-08 price RGAGX                             139.50 USD
2021-10-08 price ITOT                              152.24 USD
2021-10-08 price VEA                               120.96 USD
2021-10-08 price VHT                               114.93 USD
2021-10-08 price GLD                               149.57 USD
2021-10-15 price VBMPX                             186.34 USD
2021-10-15 price RGAGX                             137.75 USD
2021-10-15 price ITOT                              148.04 USD
2021-10-15 price VEA                               120.88 USD
2021-10-15 price VHT                               117.65 USD
2021-10-15 price GLD                               151.04 USD
2021-10-22 price VBMPX                             188.35 USD
2021-10-22 price RGAGX                             138.29 USD
2021-10-22 price ITOT                              145.09 USD
2021-10-22 price VEA                               120.61 USD
2021-10-22 price VHT                               116.09 USD
2021-10-22 price GLD                               151.99 USD
2021-10-29 price VBMPX                             187.77 USD
2021-10-29 price RGAGX                             136.64 USD
2021-10-29 price ITOT                              144.73 USD
2021-10-29 price VEA                               121.99 USD
2021-10-29 price VHT                               114.49 USD
2021-10-29 price GLD                               150.51 USD
2021-11-05 price VBMPX                             189.21 USD
2021-11-05 price RGAGX                             133.21 USD
2021-11-05 price ITOT                              146.28 USD
2021-11-05 price VEA                               122.89 USD
2021-11-05 price VHT                               113.52 USD
2021-11-05 price GLD                               150.75 USD
2021-11-12 price VBMPX                             189.01 USD
2021-11-12 price RGAGX                             131.60 USD
2021-11-12 price ITOT                              149.32 USD
2021-11-12 price VEA                               124.77 USD
2021-11-12 price VHT                               111.33 USD
2021-11-12 price GLD                               149.42 USD
2021-11-19 price VBMPX                             187.06 USD
2021-11-19 price RGAGX                             129.24 USD
2021-11-19 price ITOT                              142.67 USD
2021-11-19 price VEA                               122.96 USD
2021-11-19 price VHT                               111.33 USD
2021-11-19 price GLD                               149.02 USD
2021-11-26 price VBMPX                             187.69 USD
2021-11-26 price RGAGX                             126.96 USD
2021-11-26 price ITOT                              141.08 USD
2021-11-26 price VEA                               121.75 USD
2021-11-26 price VHT                               111.35 USD
2021-11-26 price GLD                               150.07 USD
2021-12-03 price VBMPX                             186.01 USD
2021-12-03 price RGAGX                             127.67 USD
2021-12-03 price ITOT                              138.93 USD
2021-12-03 price VEA                               124.37 USD
2021-12-03 price VHT                               113.39 USD
2021-12-03 price GLD                               151.65 USD
2021-12-10 price VBMPX                             187.75 USD
2021-12-10 price RGAGX                             127.10 USD
2021-12-10 price ITOT                              140.91 USD
2021-12-10 price VEA                               124.56 USD
2021-12-10 price VHT                               114.43 USD
2021-12-10 price GLD                               151.46 USD
2021-12-17 price VBMPX                             189.31 USD
2021-12-17 price RGAGX                             128.84 USD
2021-12-17 price ITOT                              140.49 USD
2021-12-17 price VEA                               123.95 USD
2021-12-17 price VHT                               115.45 USD
2021-12-17 price GLD                               151.61 USD
2021-12-24 price VBMPX                             191.70 USD
2021-12-24 price RGAGX                             127.97 USD
2021-12-24 price ITOT                              138.94 USD
2021-12-24 price VEA                               123.49 USD
2021-12-24 price VHT                               114.79 USD
2021-12-24 price GLD                               150.72 USD
2021-12-31 price VBMPX                             194.04 USD
2021-12-31 price RGAGX                             124.03 USD
2021-12-31 price ITOT                              138.70 USD
2021-12-31 price VEA                               124.42 USD
2021-12-31 price VHT                               113.19 USD
2021-12-31 price GLD                               151.61 USD
2022-01-07 price VBMPX                             195.04 USD
2022-01-07 price RGAGX                             122.58 USD
2022-01-07 price ITOT                              137.57 USD
2022-01-07 price VEA                               123.19 USD
2022-01-07 price VHT                               113.42 USD
2022-01-07 price GLD                               152.65 USD
2022-01-14 price VBMPX                             199.03 USD
2022-01-14 price RGAGX                             124.50 USD
2022-01-14 price ITOT                              136.95 USD
2022-01-14 price VEA                               123.66 USD
2022-01-14 price VHT                               112.81 USD
2022-01-14 price GLD                               151.99 USD
2022-01-21 price VBMPX                             194.58 USD
2022-01-21 price RGAGX                             124.40 USD
2022-01-21 price ITOT                              133.10 USD
2022-01-21 price VEA                               125.32 USD
2022-01-21 price VHT                               114.37 USD
2022-01-21 price GLD                               151.06 USD
2022-01-28 price VBMPX                             194.28 USD
2022-01-28 price RGAGX                             123.27 USD
2022-01-28 price ITOT                              134.28 USD
2022-01-28 price VEA                               123.72 USD
2022-01-28 price VHT                               112.60 USD
2022-01-28 price GLD                               152.19 USD
2022-02-04 price VBMPX                             194.26 USD
2022-02-04 price RGAGX                             122.78 USD
2022-02-04 price ITOT                              135.35 USD
2022-02-04 price VEA                               122.30 USD
2022-02-04 price VHT                               111.60 USD
2022-02-04 price GLD                               152.94 USD
2022-02-11 price VBMPX                             196.73 USD
2022-02-11 price RGAGX                             121.02 USD
2022-02-11 price ITOT                              134.73 USD
2022-02-11 price VEA                               119.15 USD
2022-02-11 price VHT                               112.41 USD
2022-02-11 price GLD                               150.66 USD
2022-02-18 price VBMPX                             195.15 USD
2022-02-18 price RGAGX                             120.21 USD
2022-02-18 price ITOT                              132.28 USD
2022-02-18 price VEA                               118.93 USD
2022-02-18 price VHT                               111.78 USD
2022-02-18 price GLD                               151.20 USD
2022-02-25 price VBMPX                             195.40 USD
2022-02-25 price RGAGX                             121.20 USD
2022-02-25 price ITOT                              129.06 USD
2022-02-25 price VEA                               116.51 USD
2022-02-25 price VHT                               111.69 USD
2022-02-25 price GLD                               151.79 USD
2022-03-04 price VBMPX                             196.28 USD
2022-03-04 price RGAGX                             119.60 USD
2022-03-04 price ITOT                              127.81 USD
2022-03-04 price VEA                               116.60 USD
2022-03-04 price VHT                               114.43 USD
2022-03-04 price GLD                               151.14 USD
2022-03-11 price VBMPX                             197.58 USD
2022-03-11 price RGAGX                             121.83 USD
2022-03-11 price ITOT                              125.24 USD
2022-03-11 price VEA                               116.99 USD
2022-03-11 price VHT                               115.69 USD
2022-03-11 price GLD                               149.83 USD
2022-03-18 price VBMPX                             199.63 USD
2022-03-18 price RGAGX                             122.71 USD
2022-03-18 price ITOT                              122.22 USD
2022-03-18 price VEA                               115.43 USD
2022-03-18 price VHT                               113.96 USD
2022-03-18 price GLD                               148.99 USD
2022-03-25 price VBMPX                             200.11 USD
2022-03-25 price RGAGX                             124.97 USD
2022-03-25 price ITOT                              127.86 USD
2022-03-25 price VEA                               117.35 USD
2022-03-25 price VHT                               114.70 USD
2022-03-25 price GLD                               148.16 USD
2022-04-01 price VBMPX                             195.58 USD
2022-04-01 price RGAGX                             125.34 USD
2022-04-01 price ITOT                              129.64 USD
2022-04-01 price VEA                               115.55 USD
2022-04-01 price VHT                               116.00 USD
2022-04-01 price GLD                               150.35 USD
2022-04-08 price VBMPX                             196.57 USD
2022-04-08 price RGAGX                             122.04 USD
2022-04-08 price ITOT                              132.32 USD
2022-04-08 price VEA                               115.47 USD
2022-04-08 price VHT                               115.24 USD
2022-04-08 price GLD                               151.72 USD
2022-04-15 price VBMPX                             199.38 USD
2022-04-15 price RGAGX                             118.99 USD
2022-04-15 price ITOT                              135.42 USD
2022-04-15 price VEA                               117.82 USD
2022-04-15 price VHT                               114.29 USD
2022-04-15 price GLD                               151.14 USD
2022-04-22 price VBMPX                             198.65 USD
2022-04-22 price RGAGX                             117.76 USD
2022-04-22 price ITOT                              133.75 USD
2022-04-22 price VEA                               121.85 USD
2022-04-22 price VHT                               112.57 USD
2022-04-22 price GLD                               152.92 USD
2022-04-29 price VBMPX                             195.68 USD
2022-04-29 price RGAGX                             117.91 USD
2022-04-29 price ITOT                              132.41 USD
2022-04-29 price VEA                               121.12 USD
2022-04-29 price VHT                               112.73 USD
2022-04-29 price GLD                               154.23 USD
2022-05-06 price VBMPX                             194.85 USD
2022-05-06 price RGAGX                             120.76 USD
2022-05-06 price ITOT                              136.06 USD
2022-05-06 price VEA                               120.65 USD
2022-05-06 price VHT                               111.37 USD
2022-05-06 price GLD                               155.58 USD
2022-05-13 price VBMPX                             198.03 USD
2022-05-13 price RGAGX                             120.15 USD
2022-05-13 price ITOT                              135.50 USD
2022-05-13 price VEA                               118.82 USD
2022-05-13 price VHT                               110.47 USD
2022-05-13 price GLD                               157.04 USD
2022-05-20 price VBMPX                             196.64 USD
2022-05-20 price RGAGX                             118.77 USD
2022-05-20 price ITOT                              131.90 USD
2022-05-20 price VEA                               120.15 USD
2022-05-20 price VHT                               111.68 USD
2022-05-20 price GLD                               159.14 USD
2022-05-27 price VBMPX                             194.17 USD
2022-05-27 price RGAGX                             121.28 USD
2022-05-27 price ITOT                              133.38 USD
2022-05-27 price VEA                               121.68 USD
2022-05-27 price VHT                               110.72 USD
2022-05-27 price GLD                               158.84 USD
2022-06-03 price VBMPX                             198.66 USD
2022-06-03 price RGAGX                             121.05 USD
2022-06-03 price ITOT                              135.57 USD
2022-06-03 price VEA                               119.00 USD
2022-06-03 price VHT                               109.27 USD
2022-06-03 price GLD                               158.33 USD
2022-06-10 price VBMPX                             198.98 USD
2022-06-10 price RGAGX                             125.74 USD
2022-06-10 price ITOT                              137.99 USD
2022-06-10 price VEA                               118.27 USD
2022-06-10 price VHT                               108.80 USD
2022-06-10 price GLD                               159.54 USD
2022-06-17 price VBMPX                             198.75 USD
2022-06-17 price RGAGX                             124.91 USD
2022-06-17 price ITOT                              144.13 USD
2022-06-17 price VEA                               118.39 USD
2022-06-17 price VHT                               110.42 USD
2022-06-17 price GLD                               159.40 USD
2022-06-24 price VBMPX                             195.22 USD
2022-06-24 price RGAGX                             122.44 USD
2022-06-24 price ITOT                              145.75 USD
2022-06-24 price VEA                               117.60 USD
2022-06-24 price VHT                               111.74 USD
2022-06-24 price GLD                               159.76 USD
2022-07-01 price VBMPX                             194.05 USD
2022-07-01 price RGAGX                             126.52 USD
2022-07-01 price ITOT                              143.86 USD
2022-07-01 price VEA                               117.43 USD
2022-07-01 price VHT                               110.69 USD
2022-07-01 price GLD                               160.83 USD
2022-07-08 price VBMPX                             193.98 USD
2022-07-08 price RGAGX                             126.18 USD
2022-07-08 price ITOT                              140.00 USD
2022-07-08 price VEA                               116.21 USD
2022-07-08 price VHT                               111.81 USD
2022-07-08 price GLD                               160.87 USD
2022-07-15 price VBMPX                             188.51 USD
2022-07-15 price RGAGX                             124.94 USD
2022-07-15 price ITOT                              138.52 USD
2022-07-15 price VEA                               117.24 USD
2022-07-15 price VHT                               112.34 USD
2022-07-15 price GLD                               162.25 USD
2022-07-22 price VBMPX                             185.87 USD
2022-07-22 price RGAGX                             126.26 USD
2022-07-22 price ITOT                              141.83 USD
2022-07-22 price VEA                               118.17 USD
2022-07-22 price VHT                               115.27 USD
2022-07-22 price GLD                               163.58 USD
2022-07-29 price VBMPX                             185.39 USD
2022-07-29 price RGAGX                             125.52 USD
2022-07-29 price ITOT                              140.66 USD
2022-07-29 price VEA                               118.27 USD
2022-07-29 price VHT                               115.43 USD
2022-07-29 price GLD                               162.41 USD
2022-08-05 price VBMPX                             181.74 USD
2022-08-05 price RGAGX                             127.96 USD
2022-08-05 price ITOT                              137.13 USD
2022-08-05 price VEA                               116.22 USD
2022-08-05 price VHT                               115.37 USD
2022-08-05 price GLD                               163.79 USD
2022-08-12 price VBMPX                             185.62 USD
2022-08-12 price RGAGX                             127.46 USD
2022-08-12 price ITOT                              133.37 USD
2022-08-12 price VEA                               118.46 USD
2022-08-12 price VHT                               115.76 USD
2022-08-12 price GLD                               163.79 USD
2022-08-19 price VBMPX                             183.30 USD
2022-08-19 price RGAGX                             128.64 USD
2022-08-19 price ITOT                              135.18 USD
2022-08-19 price VEA                               120.65 USD
2022-08-19 price VHT                               119.84 USD
2022-08-19 price GLD                               164.82 USD
2022-08-26 price VBMPX                             182.73 USD
2022-08-26 price RGAGX                             131.97 USD
2022-08-26 price ITOT                              138.62 USD
2022-08-26 price VEA                               119.71 USD
2022-08-26 price VHT                               121.03 USD
2022-08-26 price GLD                               165.57 USD
2022-09-02 price VBMPX                             176.09 USD
2022-09-02 price RGAGX                             131.67 USD
2022-09-02 price ITOT                              143.34 USD
2022-09-02 price VEA                               121.08 USD
2022-09-02 price VHT                               120.59 USD
2022-09-02 price GLD                               166.35 USD
2022-09-09 price VBMPX                             174.75 USD
2022-09-09 price RGAGX                             135.73 USD
2022-09-09 price ITOT                              143.84 USD
2022-09-09 price VEA                               121.61 USD
2022-09-09 price VHT                               122.93 USD
2022-09-09 price GLD                               166.23 USD
2022-09-16 price VBMPX                             174.54 USD
2022-09-16 price RGAGX                             137.05 USD
2022-09-16 price ITOT                              149.37 USD
2022-09-16 price VEA                               119.10 USD
2022-09-16 price VHT                               124.94 USD
2022-09-16 price GLD                               165.35 USD
2022-09-23 price VBMPX                             176.53 USD
2022-09-23 price RGAGX                             138.50 USD
2022-09-23 price ITOT                              151.47 USD
2022-09-23 price VEA                               119.02 USD
2022-09-23 price VHT                               128.15 USD
2022-09-23 price GLD                               164.95 USD
2022-09-30 price VBMPX                             177.49 USD
2022-09-30 price RGAGX                             138.35 USD
2022-09-30 price ITOT                              150.85 USD
2022-09-30 price VEA                               121.20 USD
2022-09-30 price VHT                               128.33 USD
2022-09-30 price GLD                               164.52 USD
2022-10-07 price VBMPX                             178.97 USD
2022-10-07 price RGAGX                             132.68 USD
2022-10-07 price ITOT                              146.54 USD
2022-10-07 price VEA                               119.67 USD
2022-10-07 price VHT                               130.61 USD
2022-10-07 price GLD                               165.46 USD
2022-10-14 price VBMPX                             178.50 USD
2022-10-14 price RGAGX                             129.17 USD
2022-10-14 price ITOT                              148.66 USD
2022-10-14 price VEA                               118.79 USD
2022-10-14 price VHT                               132.22 USD
2022-10-14 price GLD                               167.60 USD



* Cash

