;; -*- mode: org; mode: beancount; -*-
;; Birth: 1980-05-12
;; Dates: 2022-01-01 - 2024-03-29
;; THIS FILE HAS BEEN AUTO-GENERATED.
* Options

option "title" "Example Beancount file"
option "operating_currency" "USD"




* Commodities


1792-01-01 commodity USD
  name: "US Dollar"
  export: "CASH"

1900-01-01 commodity VMMXX
  export: "MUTF:VMMXX (MONEY:USD)"

1980-05-12 commodity VACHR
  name: "Employer Vacation Hours"
  export: "IGNORE"

1980-05-12 commodity IRAUSD
  name: "US 401k and IRA Contributions"
  export: "IGNORE"

1995-09-18 commodity VBMPX
  name: "Vanguard Total Bond Market Index Fund Institutional Plus Shares"
  export: "MUTF:VBMPX"
  price: "USD:google/MUTF:VBMPX"

2004-01-20 commodity ITOT
  name: "iShares Core S&P Total U.S. Stock Market ETF"
  export: "NYSEARCA:ITOT"
  price: "USD:google/NYSEARCA:ITOT"

2004-01-26 commodity VHT
  name: "Vanguard Health Care ETF"
  export: "NYSEARCA:VHT"
  price: "USD:google/NYSEARCA:VHT"

2004-11-01 commodity GLD
  name: "SPDR Gold Trust (ETF)"
  export: "NYSEARCA:GLD"
  price: "USD:google/NYSEARCA:GLD"

2007-07-20 commodity VEA
  name: "Vanguard FTSE Developed Markets ETF"
  export: "NYSEARCA:VEA"
  price: "USD:google/NYSEARCA:VEA"

2009-05-01 commodity RGAGX
  name: "American Funds The Growth Fund of America Class R-6"
  export: "MUTF:RGAGX"
  price: "USD:google/MUTF:RGAGX"



* Equity Accounts

1980-05-12 open Equity:Opening-Balances
1980-05-12 open Liabilities:AccountsPayable



* Banking

2022-01-01 open Assets:US:BofA
  institution: "Bank of America"
  address: "123 America Street, LargeTown, USA"
  phone: "+1.012.345.6789"
2022-01-01 open Assets:US:BofA:Checking                        USD
  account: "00234-48574897"

2022-01-01 * "Opening Balance for checking account"
  Assets:US:BofA:Checking                         3671.87 USD
  Equity:Opening-Balances                        -3671.87 USD

2022-01-02 balance Assets:US:BofA:Checking        3671.87 USD

2022-01-03 * "RiverBank Properties" "Paying the rent"
  Assets:US:BofA:Checking                        -2400.00 USD
  Expenses:Home:Rent                              2400.00 USD

2022-01-04 * "BANK FEES" "Monthly bank fee"
  Assets:US:BofA:Checking                           -4.00 USD
  Expenses:Financial:Fees                            4.00 USD

2022-01-08 * "EDISON POWER" ""
  Assets:US:BofA:Checking                          -65.00 USD
  Expenses:Home:Electricity                         65.00 USD

2022-01-20 * "Verizon Wireless" ""
  Assets:US:BofA:Checking                          -62.09 USD
  Expenses:Home:Phone                               62.09 USD

2022-01-21 balance Assets:US:BofA:Checking        3760.47 USD

2022-01-22 * "Wine-Tarner Cable" ""
  Assets:US:BofA:Checking                          -80.09 USD
  Expenses:Home:Internet                            80.09 USD

2022-02-04 * "BANK FEES" "Monthly bank fee"
  Assets:US:BofA:Checking                           -4.00 USD
  Expenses:Financial:Fees                            4.00 USD

2022-02-05 * "RiverBank Properties" "Paying the rent"
  Assets:US:BofA:Checking                        -2400.00 USD
  Expenses:Home:Rent                              2400.00 USD

2022-02-08 * "EDISON POWER" ""
  Assets:US:BofA:Checking                          -65.00 USD
  Expenses:Home:Electricity                         65.00 USD

2022-02-19 * "Verizon Wireless" ""
  Assets:US:BofA:Checking                          -68.39 USD
  Expenses:Home:Phone                               68.39 USD

2022-02-20 balance Assets:US:BofA:Checking        3258.52 USD

2022-02-21 * "Wine-Tarner Cable" ""
  Assets:US:BofA:Checking                          -79.98 USD
  Expenses:Home:Internet                            79.98 USD

2022-03-04 * "BANK FEES" "Monthly bank fee"
  Assets:US:BofA:Checking                           -4.00 USD
  Expenses:Financial:Fees                            4.00 USD

2022-03-06 * "RiverBank Properties" "Paying the rent"
  Assets:US:BofA:Checking                        -2400.00 USD
  Expenses:Home:Rent                              2400.00 USD

2022-03-08 * "EDISON POWER" ""
  Assets:US:BofA:Checking                          -65.00 USD
  Expenses:Home:Electricity                         65.00 USD

2022-03-17 balance Assets:US:BofA:Checking        1402.90 USD

2022-03-18 * "Verizon Wireless" ""
  Assets:US:BofA:Checking                          -63.15 USD
  Expenses:Home:Phone                               63.15 USD

2022-03-22 * "Wine-Tarner Cable" ""
  Assets:US:BofA:Checking                          -80.11 USD
  Expenses:Home:Internet                            80.11 USD

2022-04-04 * "BANK FEES" "Monthly bank fee"
  Assets:US:BofA:Checking                           -4.00 USD
  Expenses:Financial:Fees                            4.00 USD

2022-04-06 * "RiverBank Properties" "Paying the rent"
  Assets:US:BofA:Checking                        -2400.00 USD
  Expenses:Home:Rent                              2400.00 USD

2022-04-08 * "EDISON POWER" ""
  Assets:US:BofA:Checking                          -65.00 USD
  Expenses:Home:Electricity                         65.00 USD

2022-04-16 balance Assets:US:BofA:Checking        2264.97 USD

2022-04-20 * "Verizon Wireless" ""
  Assets:US:BofA:Checking                          -70.31 USD
  Expenses:Home:Phone                               70.31 USD

2022-04-21 * "Wine-Tarner Cable" ""
  Assets:US:BofA:Checking                          -79.95 USD
  Expenses:Home:Internet                            79.95 USD

2022-05-04 * "BANK FEES" "Monthly bank fee"
  Assets:US:BofA:Checking                           -4.00 USD
  Expenses:Financial:Fees                            4.00 USD

2022-05-05 * "RiverBank Properties" "Paying the rent"
  Assets:US:BofA:Checking                        -2400.00 USD
  Expenses:Home:Rent                              2400.00 USD

2022-05-09 * "EDISON POWER" ""
  Assets:US:BofA:Checking                          -65.00 USD
  Expenses:Home:Electricity                         65.00 USD

2022-05-16 balance Assets:US:BofA:Checking        1867.94 USD

2022-05-18 * "Verizon Wireless" ""
  Assets:US:BofA:Checking                          -68.70 USD
  Expenses:Home:Phone                               68.70 USD

2022-05-22 * "Wine-Tarner Cable" ""
  Assets:US:BofA:Checking                          -80.08 USD
  Expenses:Home:Internet                            80.08 USD

2022-06-04 * "BANK FEES" "Monthly bank fee"
  Assets:US:BofA:Checking                           -4.00 USD
  Expenses:Financial:Fees                            4.00 USD

2022-06-05 * "RiverBank Properties" "Paying the rent"
  Assets:US:BofA:Checking                        -2400.00 USD
  Expenses:Home:Rent                              2400.00 USD

2022-06-08 * "EDISON POWER" ""
  Assets:US:BofA:Checking                          -65.00 USD
  Expenses:Home:Electricity                         65.00 USD

2022-06-15 balance Assets:US:BofA:Checking        1350.60 USD

2022-06-20 * "Verizon Wireless" ""
  Assets:US:BofA:Checking                          -53.05 USD
  Expenses:Home:Phone                               53.05 USD

2022-06-21 * "Wine-Tarner Cable" ""
  Assets:US:BofA:Checking                          -79.95 USD
  Expenses:Home:Internet                            79.95 USD

2022-07-04 * "BANK FEES" "Monthly bank fee"
  Assets:US:BofA:Checking                           -4.00 USD
  Expenses:Financial:Fees                            4.00 USD

2022-07-04 * "RiverBank Properties" "Paying the rent"
  Assets:US:BofA:Checking                        -2400.00 USD
  Expenses:Home:Rent                              2400.00 USD

2022-07-07 balance Assets:US:BofA:Checking         164.20 USD

2022-07-09 * "EDISON POWER" ""
  Assets:US:BofA:Checking                          -65.00 USD
  Expenses:Home:Electricity                         65.00 USD

2022-07-19 * "Verizon Wireless" ""
  Assets:US:BofA:Checking                          -58.09 USD
  Expenses:Home:Phone                               58.09 USD

2022-07-23 * "Wine-Tarner Cable" ""
  Assets:US:BofA:Checking                          -80.18 USD
  Expenses:Home:Internet                            80.18 USD

2022-07-31 balance Assets:US:BofA:Checking        1884.05 USD

2022-08-04 * "BANK FEES" "Monthly bank fee"
  Assets:US:BofA:Checking                           -4.00 USD
  Expenses:Financial:Fees                            4.00 USD

2022-08-04 * "RiverBank Properties" "Paying the rent"
  Assets:US:BofA:Checking                        -2400.00 USD
  Expenses:Home:Rent                              2400.00 USD

2022-08-09 * "EDISON POWER" ""
  Assets:US:BofA:Checking                          -65.00 USD
  Expenses:Home:Electricity                         65.00 USD

2022-08-18 * "Verizon Wireless" ""
  Assets:US:BofA:Checking                          -54.42 USD
  Expenses:Home:Phone                               54.42 USD

2022-08-22 * "Wine-Tarner Cable" ""
  Assets:US:BofA:Checking                          -79.84 USD
  Expenses:Home:Internet                            79.84 USD

2022-08-24 balance Assets:US:BofA:Checking        3275.93 USD

2022-09-03 * "RiverBank Properties" "Paying the rent"
  Assets:US:BofA:Checking                        -2400.00 USD
  Expenses:Home:Rent                              2400.00 USD

2022-09-04 * "BANK FEES" "Monthly bank fee"
  Assets:US:BofA:Checking                           -4.00 USD
  Expenses:Financial:Fees                            4.00 USD

2022-09-08 * "EDISON POWER" ""
  Assets:US:BofA:Checking                          -65.00 USD
  Expenses:Home:Electricity                         65.00 USD

2022-09-16 balance Assets:US:BofA:Checking        5682.64 USD

2022-09-16 * "Transfering accumulated savings to other account"
  Assets:US:BofA:Checking                           -4500 USD
  Assets:US:ETrade:Cash                              4500 USD

2022-09-19 * "Verizon Wireless" ""
  Assets:US:BofA:Checking                          -67.59 USD
  Expenses:Home:Phone                               67.59 USD

2022-09-23 * "Wine-Tarner Cable" ""
  Assets:US:BofA:Checking                          -79.77 USD
  Expenses:Home:Internet                            79.77 USD

2022-10-03 * "RiverBank Properties" "Paying the rent"
  Assets:US:BofA:Checking                        -2400.00 USD
  Expenses:Home:Rent                              2400.00 USD

2022-10-04 * "BANK FEES" "Monthly bank fee"
  Assets:US:BofA:Checking                           -4.00 USD
  Expenses:Financial:Fees                            4.00 USD

2022-10-09 * "EDISON POWER" ""
  Assets:US:BofA:Checking                          -65.00 USD
  Expenses:Home:Electricity                         65.00 USD

2022-10-15 balance Assets:US:BofA:Checking        3070.31 USD

2022-10-20 * "Verizon Wireless" ""
  Assets:US:BofA:Checking                          -76.52 USD
  Expenses:Home:Phone                               76.52 USD

2022-10-21 * "Wine-Tarner Cable" ""
  Assets:US:BofA:Checking                          -79.86 USD
  Expenses:Home:Internet                            79.86 USD

2022-11-03 * "RiverBank Properties" "Paying the rent"
  Assets:US:BofA:Checking                        -2400.00 USD
  Expenses:Home:Rent                              2400.00 USD

2022-11-04 * "BANK FEES" "Monthly bank fee"
  Assets:US:BofA:Checking                           -4.00 USD
  Expenses:Financial:Fees                            4.00 USD

2022-11-09 * "EDISON POWER" ""
  Assets:US:BofA:Checking                          -65.00 USD
  Expenses:Home:Electricity                         65.00 USD

2022-11-11 * "Transfering accumulated savings to other account"
  Assets:US:BofA:Checking                           -4000 USD
  Assets:US:ETrade:Cash                              4000 USD

2022-11-14 balance Assets:US:BofA:Checking         767.55 USD

2022-11-19 * "Verizon Wireless" ""
  Assets:US:BofA:Checking                          -57.56 USD
  Expenses:Home:Phone                               57.56 USD

2022-11-23 * "Wine-Tarner Cable" ""
  Assets:US:BofA:Checking                          -80.00 USD
  Expenses:Home:Internet                            80.00 USD

2022-12-04 * "BANK FEES" "Monthly bank fee"
  Assets:US:BofA:Checking                           -4.00 USD
  Expenses:Financial:Fees                            4.00 USD

2022-12-04 * "RiverBank Properties" "Paying the rent"
  Assets:US:BofA:Checking                        -2400.00 USD
  Expenses:Home:Rent                              2400.00 USD

2022-12-09 * "EDISON POWER" ""
  Assets:US:BofA:Checking                          -65.00 USD
  Expenses:Home:Electricity                         65.00 USD

2022-12-12 balance Assets:US:BofA:Checking        2830.12 USD

2022-12-18 * "Verizon Wireless" ""
  Assets:US:BofA:Checking                          -60.68 USD
  Expenses:Home:Phone                               60.68 USD

2022-12-22 * "Wine-Tarner Cable" ""
  Assets:US:BofA:Checking                          -80.06 USD
  Expenses:Home:Internet                            80.06 USD

2023-01-04 * "BANK FEES" "Monthly bank fee"
  Assets:US:BofA:Checking                           -4.00 USD
  Expenses:Financial:Fees                            4.00 USD

2023-01-05 * "RiverBank Properties" "Paying the rent"
  Assets:US:BofA:Checking                        -2400.00 USD
  Expenses:Home:Rent                              2400.00 USD

2023-01-06 balance Assets:US:BofA:Checking        4468.12 USD

2023-01-08 * "EDISON POWER" ""
  Assets:US:BofA:Checking                          -65.00 USD
  Expenses:Home:Electricity                         65.00 USD

2023-01-20 * "Verizon Wireless" ""
  Assets:US:BofA:Checking                          -58.43 USD
  Expenses:Home:Phone                               58.43 USD

2023-01-22 * "Wine-Tarner Cable" ""
  Assets:US:BofA:Checking                          -79.98 USD
  Expenses:Home:Internet                            79.98 USD

2023-01-30 balance Assets:US:BofA:Checking        4893.90 USD

2023-02-04 * "BANK FEES" "Monthly bank fee"
  Assets:US:BofA:Checking                           -4.00 USD
  Expenses:Financial:Fees                            4.00 USD

2023-02-06 * "RiverBank Properties" "Paying the rent"
  Assets:US:BofA:Checking                        -2400.00 USD
  Expenses:Home:Rent                              2400.00 USD

2023-02-09 * "EDISON POWER" ""
  Assets:US:BofA:Checking                          -65.00 USD
  Expenses:Home:Electricity                         65.00 USD

2023-02-18 * "Verizon Wireless" ""
  Assets:US:BofA:Checking                          -61.25 USD
  Expenses:Home:Phone                               61.25 USD

2023-02-21 * "Wine-Tarner Cable" ""
  Assets:US:BofA:Checking                          -79.85 USD
  Expenses:Home:Internet                            79.85 USD

2023-02-26 balance Assets:US:BofA:Checking        4216.89 USD

2023-03-04 * "BANK FEES" "Monthly bank fee"
  Assets:US:BofA:Checking                           -4.00 USD
  Expenses:Financial:Fees                            4.00 USD

2023-03-04 * "RiverBank Properties" "Paying the rent"
  Assets:US:BofA:Checking                        -2400.00 USD
  Expenses:Home:Rent                              2400.00 USD

2023-03-09 * "EDISON POWER" ""
  Assets:US:BofA:Checking                          -65.00 USD
  Expenses:Home:Electricity                         65.00 USD

2023-03-18 * "Verizon Wireless" ""
  Assets:US:BofA:Checking                          -62.72 USD
  Expenses:Home:Phone                               62.72 USD

2023-03-22 * "Wine-Tarner Cable" ""
  Assets:US:BofA:Checking                          -80.11 USD
  Expenses:Home:Internet                            80.11 USD

2023-03-23 balance Assets:US:BofA:Checking        3655.09 USD

2023-04-04 * "BANK FEES" "Monthly bank fee"
  Assets:US:BofA:Checking                           -4.00 USD
  Expenses:Financial:Fees                            4.00 USD

2023-04-05 * "RiverBank Properties" "Paying the rent"
  Assets:US:BofA:Checking                        -2400.00 USD
  Expenses:Home:Rent                              2400.00 USD

2023-04-08 * "EDISON POWER" ""
  Assets:US:BofA:Checking                          -65.00 USD
  Expenses:Home:Electricity                         65.00 USD

2023-04-15 balance Assets:US:BofA:Checking        2615.10 USD

2023-04-19 * "Verizon Wireless" ""
  Assets:US:BofA:Checking                          -65.22 USD
  Expenses:Home:Phone                               65.22 USD

2023-04-22 * "Wine-Tarner Cable" ""
  Assets:US:BofA:Checking                          -79.87 USD
  Expenses:Home:Internet                            79.87 USD

2023-05-04 * "BANK FEES" "Monthly bank fee"
  Assets:US:BofA:Checking                           -4.00 USD
  Expenses:Financial:Fees                            4.00 USD

2023-05-05 balance Assets:US:BofA:Checking        3816.61 USD

2023-05-05 * "RiverBank Properties" "Paying the rent"
  Assets:US:BofA:Checking                        -2400.00 USD
  Expenses:Home:Rent                              2400.00 USD

2023-05-09 * "EDISON POWER" ""
  Assets:US:BofA:Checking                          -65.00 USD
  Expenses:Home:Electricity                         65.00 USD

2023-05-18 * "Verizon Wireless" ""
  Assets:US:BofA:Checking                          -58.94 USD
  Expenses:Home:Phone                               58.94 USD

2023-05-22 * "Wine-Tarner Cable" ""
  Assets:US:BofA:Checking                          -79.79 USD
  Expenses:Home:Internet                            79.79 USD

2023-05-28 balance Assets:US:BofA:Checking        2989.97 USD

2023-06-04 * "BANK FEES" "Monthly bank fee"
  Assets:US:BofA:Checking                           -4.00 USD
  Expenses:Financial:Fees                            4.00 USD

2023-06-05 * "RiverBank Properties" "Paying the rent"
  Assets:US:BofA:Checking                        -2400.00 USD
  Expenses:Home:Rent                              2400.00 USD

2023-06-08 * "EDISON POWER" ""
  Assets:US:BofA:Checking                          -65.00 USD
  Expenses:Home:Electricity                         65.00 USD

2023-06-18 * "Verizon Wireless" ""
  Assets:US:BofA:Checking                          -66.15 USD
  Expenses:Home:Phone                               66.15 USD

2023-06-21 balance Assets:US:BofA:Checking        1134.78 USD

2023-06-22 * "Wine-Tarner Cable" ""
  Assets:US:BofA:Checking                          -79.88 USD
  Expenses:Home:Internet                            79.88 USD

2023-07-04 * "BANK FEES" "Monthly bank fee"
  Assets:US:BofA:Checking                           -4.00 USD
  Expenses:Financial:Fees                            4.00 USD

2023-07-06 * "RiverBank Properties" "Paying the rent"
  Assets:US:BofA:Checking                        -2400.00 USD
  Expenses:Home:Rent                              2400.00 USD

2023-07-08 * "EDISON POWER" ""
  Assets:US:BofA:Checking                          -65.00 USD
  Expenses:Home:Electricity                         65.00 USD

2023-07-14 balance Assets:US:BofA:Checking         760.75 USD

2023-07-20 * "Verizon Wireless" ""
  Assets:US:BofA:Checking                          -61.14 USD
  Expenses:Home:Phone                               61.14 USD

2023-07-22 * "Wine-Tarner Cable" ""
  Assets:US:BofA:Checking                          -80.03 USD
  Expenses:Home:Internet                            80.03 USD

2023-08-03 balance Assets:US:BofA:Checking        1970.18 USD

2023-08-04 * "BANK FEES" "Monthly bank fee"
  Assets:US:BofA:Checking                           -4.00 USD
  Expenses:Financial:Fees                            4.00 USD

2023-08-04 * "RiverBank Properties" "Paying the rent"
  Assets:US:BofA:Checking                        -2400.00 USD
  Expenses:Home:Rent                              2400.00 USD

2023-08-09 * "EDISON POWER" ""
  Assets:US:BofA:Checking                          -65.00 USD
  Expenses:Home:Electricity                         65.00 USD

2023-08-18 * "Verizon Wireless" ""
  Assets:US:BofA:Checking                          -61.15 USD
  Expenses:Home:Phone                               61.15 USD

2023-08-18 * "Transfering accumulated savings to other account"
  Assets:US:BofA:Checking                           -3000 USD
  Assets:US:ETrade:Cash                              3000 USD

2023-08-22 * "Wine-Tarner Cable" ""
  Assets:US:BofA:Checking                          -80.04 USD
  Expenses:Home:Internet                            80.04 USD

2023-08-25 balance Assets:US:BofA:Checking         563.90 USD

2023-09-04 * "BANK FEES" "Monthly bank fee"
  Assets:US:BofA:Checking                           -4.00 USD
  Expenses:Financial:Fees                            4.00 USD

2023-09-05 * "RiverBank Properties" "Paying the rent"
  Assets:US:BofA:Checking                        -2400.00 USD
  Expenses:Home:Rent                              2400.00 USD

2023-09-09 * "EDISON POWER" ""
  Assets:US:BofA:Checking                          -65.00 USD
  Expenses:Home:Electricity                         65.00 USD

2023-09-17 balance Assets:US:BofA:Checking        2773.36 USD

2023-09-18 * "Verizon Wireless" ""
  Assets:US:BofA:Checking                          -54.68 USD
  Expenses:Home:Phone                               54.68 USD

2023-09-22 * "Wine-Tarner Cable" ""
  Assets:US:BofA:Checking                          -80.04 USD
  Expenses:Home:Internet                            80.04 USD

2023-10-04 * "BANK FEES" "Monthly bank fee"
  Assets:US:BofA:Checking                           -4.00 USD
  Expenses:Financial:Fees                            4.00 USD

2023-10-04 * "RiverBank Properties" "Paying the rent"
  Assets:US:BofA:Checking                        -2400.00 USD
  Expenses:Home:Rent                              2400.00 USD

2023-10-08 * "EDISON POWER" ""
  Assets:US:BofA:Checking                          -65.00 USD
  Expenses:Home:Electricity                         65.00 USD

2023-10-13 * "Transfering accumulated savings to other account"
  Assets:US:BofA:Checking                           -4000 USD
  Assets:US:ETrade:Cash                              4000 USD

2023-10-16 balance Assets:US:BofA:Checking         507.04 USD

2023-10-20 * "Verizon Wireless" ""
  Assets:US:BofA:Checking                          -74.59 USD
  Expenses:Home:Phone                               74.59 USD

2023-10-23 * "Wine-Tarner Cable" ""
  Assets:US:BofA:Checking                          -79.92 USD
  Expenses:Home:Internet                            79.92 USD

2023-11-04 * "BANK FEES" "Monthly bank fee"
  Assets:US:BofA:Checking                           -4.00 USD
  Expenses:Financial:Fees                            4.00 USD

2023-11-04 * "RiverBank Properties" "Paying the rent"
  Assets:US:BofA:Checking                        -2400.00 USD
  Expenses:Home:Rent                              2400.00 USD

2023-11-09 * "EDISON POWER" ""
  Assets:US:BofA:Checking                          -65.00 USD
  Expenses:Home:Electricity                         65.00 USD

2023-11-11 balance Assets:US:BofA:Checking        2984.73 USD

2023-11-20 * "Verizon Wireless" ""
  Assets:US:BofA:Checking                          -62.47 USD
  Expenses:Home:Phone                               62.47 USD

2023-11-23 * "Wine-Tarner Cable" ""
  Assets:US:BofA:Checking                          -80.01 USD
  Expenses:Home:Internet                            80.01 USD

2023-12-04 * "BANK FEES" "Monthly bank fee"
  Assets:US:BofA:Checking                           -4.00 USD
  Expenses:Financial:Fees                            4.00 USD

2023-12-04 * "RiverBank Properties" "Paying the rent"
  Assets:US:BofA:Checking                        -2400.00 USD
  Expenses:Home:Rent                              2400.00 USD

2023-12-07 balance Assets:US:BofA:Checking        2345.13 USD

2023-12-08 * "EDISON POWER" ""
  Assets:US:BofA:Checking                          -65.00 USD
  Expenses:Home:Electricity                         65.00 USD

2023-12-08 * "Transfering accumulated savings to other account"
  Assets:US:BofA:Checking                           -4000 USD
  Assets:US:ETrade:Cash                              4000 USD

2023-12-20 * "Verizon Wireless" ""
  Assets:US:BofA:Checking                          -47.29 USD
  Expenses:Home:Phone                               47.29 USD

2023-12-21 * "Wine-Tarner Cable" ""
  Assets:US:BofA:Checking                          -79.97 USD
  Expenses:Home:Internet                            79.97 USD

2024-01-04 * "BANK FEES" "Monthly bank fee"
  Assets:US:BofA:Checking                           -4.00 USD
  Expenses:Financial:Fees                            4.00 USD

2024-01-06 balance Assets:US:BofA:Checking        4385.59 USD

2024-01-06 * "RiverBank Properties" "Paying the rent"
  Assets:US:BofA:Checking                        -2400.00 USD
  Expenses:Home:Rent                              2400.00 USD

2024-01-09 * "EDISON POWER" ""
  Assets:US:BofA:Checking                          -65.00 USD
  Expenses:Home:Electricity                         65.00 USD

2024-01-18 * "Verizon Wireless" ""
  Assets:US:BofA:Checking                          -58.99 USD
  Expenses:Home:Phone                               58.99 USD

2024-01-22 * "Wine-Tarner Cable" ""
  Assets:US:BofA:Checking                          -80.07 USD
  Expenses:Home:Internet                            80.07 USD

2024-01-27 balance Assets:US:BofA:Checking        2415.99 USD

2024-02-04 * "BANK FEES" "Monthly bank fee"
  Assets:US:BofA:Checking                           -4.00 USD
  Expenses:Financial:Fees                            4.00 USD

2024-02-06 * "RiverBank Properties" "Paying the rent"
  Assets:US:BofA:Checking                        -2400.00 USD
  Expenses:Home:Rent                              2400.00 USD

2024-02-08 * "EDISON POWER" ""
  Assets:US:BofA:Checking                          -65.00 USD
  Expenses:Home:Electricity                         65.00 USD

2024-02-19 balance Assets:US:BofA:Checking        2114.10 USD

2024-02-20 * "Verizon Wireless" ""
  Assets:US:BofA:Checking                          -68.61 USD
  Expenses:Home:Phone                               68.61 USD

2024-02-23 * "Wine-Tarner Cable" ""
  Assets:US:BofA:Checking                          -79.99 USD
  Expenses:Home:Internet                            79.99 USD

2024-03-01 * "Transfering accumulated savings to other account"
  Assets:US:BofA:Checking                           -3000 USD
  Assets:US:ETrade:Cash                              3000 USD

2024-03-04 * "BANK FEES" "Monthly bank fee"
  Assets:US:BofA:Checking                           -4.00 USD
  Expenses:Financial:Fees                            4.00 USD

2024-03-15 balance Assets:US:BofA:Checking        1662.70 USD



* Credit-Cards

1980-05-12 open Liabilities:US:Chase:Slate                      USD

2022-01-06 * "Goba Goba" "Eating out after work"
  Liabilities:US:Chase:Slate                       -29.54 USD
  Expenses:Food:Restaurant                          29.54 USD

2022-01-08 * "Chase:Slate" "Paying off credit card"
  Liabilities:US:Chase:Slate                        81.51 USD
  Assets:US:BofA:Checking                          -81.51 USD

2022-01-11 * "Kin Soy" "Eating out with Joe"
  Liabilities:US:Chase:Slate                       -51.97 USD
  Expenses:Food:Restaurant                          51.97 USD

2022-01-14 * "China Garden" "Eating out alone"
  Liabilities:US:Chase:Slate                       -22.47 USD
  Expenses:Food:Restaurant                          22.47 USD

2022-01-17 * "China Garden" "Eating out with Natasha"
  Liabilities:US:Chase:Slate                       -53.64 USD
  Expenses:Food:Restaurant                          53.64 USD

2022-01-17 * "Farmer Fresh" "Buying groceries"
  Liabilities:US:Chase:Slate                       -75.23 USD
  Expenses:Food:Groceries                           75.23 USD

2022-01-20 * "Goba Goba" "Eating out alone"
  Liabilities:US:Chase:Slate                       -34.35 USD
  Expenses:Food:Restaurant                          34.35 USD

2022-01-22 balance Liabilities:US:Chase:Slate     -185.69 USD

2022-01-22 * "Kin Soy" "Eating out with Bill"
  Liabilities:US:Chase:Slate                       -28.39 USD
  Expenses:Food:Restaurant                          28.39 USD

2022-01-27 * "Cafe Modagor" "Eating out after work"
  Liabilities:US:Chase:Slate                       -30.98 USD
  Expenses:Food:Restaurant                          30.98 USD

2022-01-28 * "China Garden" "Eating out with work buddies"
  Liabilities:US:Chase:Slate                       -34.49 USD
  Expenses:Food:Restaurant                          34.49 USD

2022-01-28 * "Metro Transport Authority" "Tram tickets"
  Liabilities:US:Chase:Slate                      -120.00 USD
  Expenses:Transport:Tram                          120.00 USD

2022-01-29 * "Farmer Fresh" "Buying groceries"
  Liabilities:US:Chase:Slate                       -82.71 USD
  Expenses:Food:Groceries                           82.71 USD

2022-02-01 * "Kin Soy" "Eating out alone"
  Liabilities:US:Chase:Slate                       -31.65 USD
  Expenses:Food:Restaurant                          31.65 USD

2022-02-06 * "Rose Flower" "Eating out with Bill"
  Liabilities:US:Chase:Slate                       -31.05 USD
  Expenses:Food:Restaurant                          31.05 USD

2022-02-09 * "Corner Deli" "Buying groceries"
  Liabilities:US:Chase:Slate                       -40.71 USD
  Expenses:Food:Groceries                           40.71 USD

2022-02-09 * "Chase:Slate" "Paying off credit card"
  Liabilities:US:Chase:Slate                       585.67 USD
  Assets:US:BofA:Checking                         -585.67 USD

2022-02-10 * "Goba Goba" "Eating out alone"
  Liabilities:US:Chase:Slate                       -27.68 USD
  Expenses:Food:Restaurant                          27.68 USD

2022-02-11 * "Chichipotle" "Eating out alone"
  Liabilities:US:Chase:Slate                       -21.57 USD
  Expenses:Food:Restaurant                          21.57 USD

2022-02-16 balance Liabilities:US:Chase:Slate      -49.25 USD

2022-02-16 * "Cafe Modagor" "Eating out with Joe"
  Liabilities:US:Chase:Slate                       -26.41 USD
  Expenses:Food:Restaurant                          26.41 USD

2022-02-20 * "Kin Soy" "Eating out with Bill"
  Liabilities:US:Chase:Slate                       -32.56 USD
  Expenses:Food:Restaurant                          32.56 USD

2022-02-23 * "Jewel of Morroco" "Eating out alone"
  Liabilities:US:Chase:Slate                       -27.18 USD
  Expenses:Food:Restaurant                          27.18 USD

2022-02-25 * "Rose Flower" "Eating out with Joe"
  Liabilities:US:Chase:Slate                       -47.36 USD
  Expenses:Food:Restaurant                          47.36 USD

2022-02-26 * "Goba Goba" "Eating out after work"
  Liabilities:US:Chase:Slate                       -32.82 USD
  Expenses:Food:Restaurant                          32.82 USD

2022-03-01 * "Farmer Fresh" "Buying groceries"
  Liabilities:US:Chase:Slate                       -59.60 USD
  Expenses:Food:Groceries                           59.60 USD

2022-03-02 * "China Garden" "Eating out with Julie"
  Liabilities:US:Chase:Slate                       -36.67 USD
  Expenses:Food:Restaurant                          36.67 USD

2022-03-02 * "Metro Transport Authority" "Tram tickets"
  Liabilities:US:Chase:Slate                      -120.00 USD
  Expenses:Transport:Tram                          120.00 USD

2022-03-05 * "Uncle Boons" "Eating out after work"
  Liabilities:US:Chase:Slate                       -60.18 USD
  Expenses:Food:Restaurant                          60.18 USD

2022-03-08 balance Liabilities:US:Chase:Slate     -492.03 USD

2022-03-09 * "Farmer Fresh" "Buying groceries"
  Liabilities:US:Chase:Slate                      -112.55 USD
  Expenses:Food:Groceries                          112.55 USD

2022-03-10 * "Goba Goba" "Eating out alone"
  Liabilities:US:Chase:Slate                       -35.28 USD
  Expenses:Food:Restaurant                          35.28 USD

2022-03-11 * "Chase:Slate" "Paying off credit card"
  Liabilities:US:Chase:Slate                       657.24 USD
  Assets:US:BofA:Checking                         -657.24 USD

2022-03-13 * "Goba Goba" "Eating out "
  Liabilities:US:Chase:Slate                       -17.38 USD
  Expenses:Food:Restaurant                          17.38 USD

2022-03-14 * "Jewel of Morroco" "Eating out with Natasha"
  Liabilities:US:Chase:Slate                       -37.77 USD
  Expenses:Food:Restaurant                          37.77 USD

2022-03-17 * "Goba Goba" "Eating out alone"
  Liabilities:US:Chase:Slate                       -27.75 USD
  Expenses:Food:Restaurant                          27.75 USD

2022-03-22 * "Kin Soy" "Eating out with work buddies"
  Liabilities:US:Chase:Slate                       -44.83 USD
  Expenses:Food:Restaurant                          44.83 USD

2022-03-24 * "Onion Market" "Buying groceries"
  Liabilities:US:Chase:Slate                       -74.99 USD
  Expenses:Food:Groceries                           74.99 USD

2022-03-26 * "Jewel of Morroco" "Eating out after work"
  Liabilities:US:Chase:Slate                       -34.02 USD
  Expenses:Food:Restaurant                          34.02 USD

2022-03-29 * "China Garden" "Eating out after work"
  Liabilities:US:Chase:Slate                       -37.13 USD
  Expenses:Food:Restaurant                          37.13 USD

2022-03-30 balance Liabilities:US:Chase:Slate     -256.49 USD

2022-03-31 * "Metro Transport Authority" "Tram tickets"
  Liabilities:US:Chase:Slate                      -120.00 USD
  Expenses:Transport:Tram                          120.00 USD

2022-04-01 * "Goba Goba" "Eating out after work"
  Liabilities:US:Chase:Slate                       -45.79 USD
  Expenses:Food:Restaurant                          45.79 USD

2022-04-03 * "Goba Goba" "Eating out alone"
  Liabilities:US:Chase:Slate                       -49.10 USD
  Expenses:Food:Restaurant                          49.10 USD

2022-04-08 * "China Garden" "Eating out with Julie"
  Liabilities:US:Chase:Slate                       -58.39 USD
  Expenses:Food:Restaurant                          58.39 USD

2022-04-10 * "Chase:Slate" "Paying off credit card"
  Liabilities:US:Chase:Slate                       577.47 USD
  Assets:US:BofA:Checking                         -577.47 USD

2022-04-12 * "Good Moods Market" "Buying groceries"
  Liabilities:US:Chase:Slate                       -47.70 USD
  Expenses:Food:Groceries                           47.70 USD

2022-04-13 * "Cafe Modagor" "Eating out with Natasha"
  Liabilities:US:Chase:Slate                       -27.76 USD
  Expenses:Food:Restaurant                          27.76 USD

2022-04-14 * "Cafe Modagor" "Eating out with Joe"
  Liabilities:US:Chase:Slate                       -18.35 USD
  Expenses:Food:Restaurant                          18.35 USD

2022-04-19 * "China Garden" "Eating out with Julie"
  Liabilities:US:Chase:Slate                       -39.57 USD
  Expenses:Food:Restaurant                          39.57 USD

2022-04-20 balance Liabilities:US:Chase:Slate      -85.68 USD

2022-04-23 * "China Garden" "Eating out "
  Liabilities:US:Chase:Slate                       -22.76 USD
  Expenses:Food:Restaurant                          22.76 USD

2022-04-24 * "Uncle Boons" "Eating out with Natasha"
  Liabilities:US:Chase:Slate                       -32.41 USD
  Expenses:Food:Restaurant                          32.41 USD

2022-04-25 * "Cafe Modagor" "Eating out with Joe"
  Liabilities:US:Chase:Slate                       -29.54 USD
  Expenses:Food:Restaurant                          29.54 USD

2022-04-29 * "China Garden" "Eating out "
  Liabilities:US:Chase:Slate                       -74.68 USD
  Expenses:Food:Restaurant                          74.68 USD

2022-04-30 * "Onion Market" "Buying groceries"
  Liabilities:US:Chase:Slate                       -45.38 USD
  Expenses:Food:Groceries                           45.38 USD

2022-05-02 * "Metro Transport Authority" "Tram tickets"
  Liabilities:US:Chase:Slate                      -120.00 USD
  Expenses:Transport:Tram                          120.00 USD

2022-05-04 * "Cafe Modagor" "Eating out "
  Liabilities:US:Chase:Slate                       -47.45 USD
  Expenses:Food:Restaurant                          47.45 USD

2022-05-09 * "China Garden" "Eating out with Joe"
  Liabilities:US:Chase:Slate                       -21.07 USD
  Expenses:Food:Restaurant                          21.07 USD

2022-05-09 * "Chase:Slate" "Paying off credit card"
  Liabilities:US:Chase:Slate                       478.97 USD
  Assets:US:BofA:Checking                         -478.97 USD

2022-05-12 * "Kin Soy" "Eating out with Bill"
  Liabilities:US:Chase:Slate                       -16.62 USD
  Expenses:Food:Restaurant                          16.62 USD

2022-05-13 * "Uncle Boons" "Eating out alone"
  Liabilities:US:Chase:Slate                       -54.39 USD
  Expenses:Food:Restaurant                          54.39 USD

2022-05-17 balance Liabilities:US:Chase:Slate      -71.01 USD

2022-05-18 * "Uncle Boons" "Eating out with work buddies"
  Liabilities:US:Chase:Slate                       -27.28 USD
  Expenses:Food:Restaurant                          27.28 USD

2022-05-19 * "Corner Deli" "Buying groceries"
  Liabilities:US:Chase:Slate                       -86.59 USD
  Expenses:Food:Groceries                           86.59 USD

2022-05-21 * "Rose Flower" "Eating out with Joe"
  Liabilities:US:Chase:Slate                       -17.82 USD
  Expenses:Food:Restaurant                          17.82 USD

2022-05-23 * "Uncle Boons" "Eating out with Bill"
  Liabilities:US:Chase:Slate                       -14.56 USD
  Expenses:Food:Restaurant                          14.56 USD

2022-05-25 * "China Garden" "Eating out "
  Liabilities:US:Chase:Slate                       -32.25 USD
  Expenses:Food:Restaurant                          32.25 USD

2022-05-26 * "Goba Goba" "Eating out after work"
  Liabilities:US:Chase:Slate                       -24.20 USD
  Expenses:Food:Restaurant                          24.20 USD

2022-05-30 * "Metro Transport Authority" "Tram tickets"
  Liabilities:US:Chase:Slate                      -120.00 USD
  Expenses:Transport:Tram                          120.00 USD

2022-05-31 * "China Garden" "Eating out with work buddies"
  Liabilities:US:Chase:Slate                       -55.77 USD
  Expenses:Food:Restaurant                          55.77 USD

2022-06-02 * "China Garden" "Eating out after work"
  Liabilities:US:Chase:Slate                       -35.93 USD
  Expenses:Food:Restaurant                          35.93 USD

2022-06-03 * "Chichipotle" "Eating out after work"
  Liabilities:US:Chase:Slate                       -57.64 USD
  Expenses:Food:Restaurant                          57.64 USD

2022-06-04 * "Goba Goba" "Eating out with Natasha"
  Liabilities:US:Chase:Slate                       -22.67 USD
  Expenses:Food:Restaurant                          22.67 USD

2022-06-06 balance Liabilities:US:Chase:Slate     -565.72 USD

2022-06-08 * "Goba Goba" "Eating out with Bill"
  Liabilities:US:Chase:Slate                       -35.04 USD
  Expenses:Food:Restaurant                          35.04 USD

2022-06-08 * "Corner Deli" "Buying groceries"
  Liabilities:US:Chase:Slate                      -133.16 USD
  Expenses:Food:Groceries                          133.16 USD

2022-06-08 * "Chase:Slate" "Paying off credit card"
  Liabilities:US:Chase:Slate                       600.76 USD
  Assets:US:BofA:Checking                         -600.76 USD

2022-06-11 * "Jewel of Morroco" "Eating out with Bill"
  Liabilities:US:Chase:Slate                       -33.31 USD
  Expenses:Food:Restaurant                          33.31 USD

2022-06-12 * "Rose Flower" "Eating out alone"
  Liabilities:US:Chase:Slate                       -26.81 USD
  Expenses:Food:Restaurant                          26.81 USD

2022-06-17 * "Goba Goba" "Eating out with work buddies"
  Liabilities:US:Chase:Slate                       -25.72 USD
  Expenses:Food:Restaurant                          25.72 USD

2022-06-18 * "Chichipotle" "Eating out alone"
  Liabilities:US:Chase:Slate                       -21.18 USD
  Expenses:Food:Restaurant                          21.18 USD

2022-06-21 * "Uncle Boons" "Eating out alone"
  Liabilities:US:Chase:Slate                       -46.61 USD
  Expenses:Food:Restaurant                          46.61 USD

2022-06-25 * "Jewel of Morroco" "Eating out with Joe"
  Liabilities:US:Chase:Slate                       -31.16 USD
  Expenses:Food:Restaurant                          31.16 USD

2022-06-26 * "Uncle Boons" "Eating out with Natasha"
  Liabilities:US:Chase:Slate                       -42.04 USD
  Expenses:Food:Restaurant                          42.04 USD

2022-06-26 * "Metro Transport Authority" "Tram tickets"
  Liabilities:US:Chase:Slate                      -120.00 USD
  Expenses:Transport:Tram                          120.00 USD

2022-06-27 balance Liabilities:US:Chase:Slate     -479.99 USD

2022-06-27 * "Good Moods Market" "Buying groceries"
  Liabilities:US:Chase:Slate                       -74.97 USD
  Expenses:Food:Groceries                           74.97 USD

2022-07-01 * "Cafe Modagor" "Eating out alone"
  Liabilities:US:Chase:Slate                       -29.28 USD
  Expenses:Food:Restaurant                          29.28 USD

2022-07-02 * "Chichipotle" "Eating out after work"
  Liabilities:US:Chase:Slate                       -74.41 USD
  Expenses:Food:Restaurant                          74.41 USD

2022-07-03 * "Good Moods Market" "Buying groceries"
  Liabilities:US:Chase:Slate                       -46.51 USD
  Expenses:Food:Groceries                           46.51 USD

2022-07-07 * "Kin Soy" "Eating out with Bill"
  Liabilities:US:Chase:Slate                       -33.10 USD
  Expenses:Food:Restaurant                          33.10 USD

2022-07-08 * "Chase:Slate" "Paying off credit card"
  Liabilities:US:Chase:Slate                       778.08 USD
  Assets:US:BofA:Checking                         -778.08 USD

2022-07-10 * "Rose Flower" "Eating out after work"
  Liabilities:US:Chase:Slate                       -39.82 USD
  Expenses:Food:Restaurant                          39.82 USD

2022-07-11 * "Uncle Boons" "Eating out with Joe"
  Liabilities:US:Chase:Slate                       -24.63 USD
  Expenses:Food:Restaurant                          24.63 USD

2022-07-13 * "Chichipotle" "Eating out with work buddies"
  Liabilities:US:Chase:Slate                       -33.55 USD
  Expenses:Food:Restaurant                          33.55 USD

2022-07-18 * "Chichipotle" "Eating out with Julie"
  Liabilities:US:Chase:Slate                       -35.43 USD
  Expenses:Food:Restaurant                          35.43 USD

2022-07-20 balance Liabilities:US:Chase:Slate      -93.61 USD

2022-07-21 * "China Garden" "Eating out with Joe"
  Liabilities:US:Chase:Slate                       -21.01 USD
  Expenses:Food:Restaurant                          21.01 USD

2022-07-21 * "Farmer Fresh" "Buying groceries"
  Liabilities:US:Chase:Slate                       -80.23 USD
  Expenses:Food:Groceries                           80.23 USD

2022-07-23 * "Uncle Boons" "Eating out with Joe"
  Liabilities:US:Chase:Slate                       -43.18 USD
  Expenses:Food:Restaurant                          43.18 USD

2022-07-25 * "Metro Transport Authority" "Tram tickets"
  Liabilities:US:Chase:Slate                      -120.00 USD
  Expenses:Transport:Tram                          120.00 USD

2022-07-27 * "Cafe Modagor" "Eating out after work"
  Liabilities:US:Chase:Slate                       -21.66 USD
  Expenses:Food:Restaurant                          21.66 USD

2022-08-01 * "Cafe Modagor" "Eating out with work buddies"
  Liabilities:US:Chase:Slate                       -13.91 USD
  Expenses:Food:Restaurant                          13.91 USD

2022-08-05 * "Onion Market" "Buying groceries"
  Liabilities:US:Chase:Slate                       -90.99 USD
  Expenses:Food:Groceries                           90.99 USD

2022-08-06 * "Chichipotle" "Eating out after work"
  Liabilities:US:Chase:Slate                       -40.01 USD
  Expenses:Food:Restaurant                          40.01 USD

2022-08-07 * "Rose Flower" "Eating out with Joe"
  Liabilities:US:Chase:Slate                       -34.90 USD
  Expenses:Food:Restaurant                          34.90 USD

2022-08-08 * "Kin Soy" "Eating out with Natasha"
  Liabilities:US:Chase:Slate                       -23.20 USD
  Expenses:Food:Restaurant                          23.20 USD

2022-08-09 event "location" "San Francisco"

2022-08-10 * "Bar Crudo" "" #trip-san-francisco-2022
  Liabilities:US:Chase:Slate                       -74.01 USD
  Expenses:Food:Restaurant                          74.01 USD

2022-08-10 * "Chase:Slate" "Paying off credit card"
  Liabilities:US:Chase:Slate                       606.06 USD
  Assets:US:BofA:Checking                         -606.06 USD

2022-08-11 * "Bar Crudo" "" #trip-san-francisco-2022
  Liabilities:US:Chase:Slate                       -63.80 USD
  Expenses:Food:Restaurant                          63.80 USD

2022-08-11 * "Pizza Delfina" "" #trip-san-francisco-2022
  Liabilities:US:Chase:Slate                       -17.81 USD
  Expenses:Food:Restaurant                          17.81 USD

2022-08-11 * "Waterbar" "" #trip-san-francisco-2022
  Liabilities:US:Chase:Slate                       -52.19 USD
  Expenses:Food:Restaurant                          52.19 USD

2022-08-12 * "Waterbar" "" #trip-san-francisco-2022
  Liabilities:US:Chase:Slate                       -46.38 USD
  Expenses:Food:Restaurant                          46.38 USD

2022-08-13 * "Pizza Delfina" "" #trip-san-francisco-2022
  Liabilities:US:Chase:Slate                       -21.94 USD
  Expenses:Food:Restaurant                          21.94 USD

2022-08-13 * "Waterbar" "" #trip-san-francisco-2022
  Liabilities:US:Chase:Slate                       -29.24 USD
  Expenses:Food:Restaurant                          29.24 USD

2022-08-13 * "Mission Chinese Food" "" #trip-san-francisco-2022
  Liabilities:US:Chase:Slate                       -23.32 USD
  Expenses:Food:Restaurant                          23.32 USD

2022-08-14 * "Bar Crudo" "" #trip-san-francisco-2022
  Liabilities:US:Chase:Slate                       -72.65 USD
  Expenses:Food:Restaurant                          72.65 USD

2022-08-14 * "Mission Chinese Food" "" #trip-san-francisco-2022
  Liabilities:US:Chase:Slate                       -19.94 USD
  Expenses:Food:Restaurant                          19.94 USD

2022-08-16 * "Waterbar" "" #trip-san-francisco-2022
  Liabilities:US:Chase:Slate                       -51.36 USD
  Expenses:Food:Restaurant                          51.36 USD

2022-08-17 balance Liabilities:US:Chase:Slate     -449.28 USD

2022-08-17 * "Bar Crudo" "" #trip-san-francisco-2022
  Liabilities:US:Chase:Slate                       -66.45 USD
  Expenses:Food:Restaurant                          66.45 USD

2022-08-19 * "Bar Crudo" "" #trip-san-francisco-2022
  Liabilities:US:Chase:Slate                       -76.82 USD
  Expenses:Food:Restaurant                          76.82 USD

2022-08-19 * "Waterbar" "" #trip-san-francisco-2022
  Liabilities:US:Chase:Slate                       -53.68 USD
  Expenses:Food:Restaurant                          53.68 USD

2022-08-19 * "Starbucks" "" #trip-san-francisco-2022
  Liabilities:US:Chase:Slate                        -5.02 USD
  Expenses:Food:Coffee                               5.02 USD

2022-08-20 * "Bar Crudo" "" #trip-san-francisco-2022
  Liabilities:US:Chase:Slate                       -67.88 USD
  Expenses:Food:Restaurant                          67.88 USD

2022-08-20 * "Pizza Delfina" "" #trip-san-francisco-2022
  Liabilities:US:Chase:Slate                       -19.82 USD
  Expenses:Food:Restaurant                          19.82 USD

2022-08-21 * "Bar Crudo" "" #trip-san-francisco-2022
  Liabilities:US:Chase:Slate                       -64.84 USD
  Expenses:Food:Restaurant                          64.84 USD

2022-08-21 * "Pizza Delfina" "" #trip-san-francisco-2022
  Liabilities:US:Chase:Slate                       -19.91 USD
  Expenses:Food:Restaurant                          19.91 USD

2022-08-22 * "Bar Crudo" "" #trip-san-francisco-2022
  Liabilities:US:Chase:Slate                       -62.58 USD
  Expenses:Food:Restaurant                          62.58 USD

2022-08-24 * "Waterbar" "" #trip-san-francisco-2022
  Liabilities:US:Chase:Slate                       -50.42 USD
  Expenses:Food:Restaurant                          50.42 USD

2022-08-24 * "Mission Chinese Food" "" #trip-san-francisco-2022
  Liabilities:US:Chase:Slate                       -26.80 USD
  Expenses:Food:Restaurant                          26.80 USD

2022-08-26 * "Bar Crudo" "" #trip-san-francisco-2022
  Liabilities:US:Chase:Slate                       -70.92 USD
  Expenses:Food:Restaurant                          70.92 USD

2022-08-26 * "Starbucks" "" #trip-san-francisco-2022
  Liabilities:US:Chase:Slate                        -5.17 USD
  Expenses:Food:Coffee                               5.17 USD

2022-08-27 * "Waterbar" "" #trip-san-francisco-2022
  Liabilities:US:Chase:Slate                       -55.39 USD
  Expenses:Food:Restaurant                          55.39 USD

2022-08-27 * "Starbucks" "" #trip-san-francisco-2022
  Liabilities:US:Chase:Slate                        -4.04 USD
  Expenses:Food:Coffee                               4.04 USD

2022-08-28 * "Waterbar" "" #trip-san-francisco-2022
  Liabilities:US:Chase:Slate                       -45.74 USD
  Expenses:Food:Restaurant                          45.74 USD

2022-08-29 * "Bar Crudo" "" #trip-san-francisco-2022
  Liabilities:US:Chase:Slate                       -69.47 USD
  Expenses:Food:Restaurant                          69.47 USD

2022-08-29 * "Pizza Delfina" "" #trip-san-francisco-2022
  Liabilities:US:Chase:Slate                       -17.78 USD
  Expenses:Food:Restaurant                          17.78 USD

2022-08-29 * "Waterbar" "" #trip-san-francisco-2022
  Liabilities:US:Chase:Slate                       -51.58 USD
  Expenses:Food:Restaurant                          51.58 USD

2022-08-29 * "Mission Chinese Food" "" #trip-san-francisco-2022
  Liabilities:US:Chase:Slate                       -31.93 USD
  Expenses:Food:Restaurant                          31.93 USD

2022-08-30 * "Bar Crudo" "" #trip-san-francisco-2022
  Liabilities:US:Chase:Slate                       -58.74 USD
  Expenses:Food:Restaurant                          58.74 USD

2022-08-30 * "Mission Chinese Food" "" #trip-san-francisco-2022
  Liabilities:US:Chase:Slate                       -33.26 USD
  Expenses:Food:Restaurant                          33.26 USD

2022-08-30 * "Consume vacation days"
  Assets:US:BayBook:Vacation                         -168 VACHR
  Expenses:Vacation                                   168 VACHR

2022-08-30 event "location" "New Metropolis"

2022-08-31 * "Cafe Modagor" "Eating out "
  Liabilities:US:Chase:Slate                       -23.36 USD
  Expenses:Food:Restaurant                          23.36 USD

2022-08-31 * "Onion Market" "Buying groceries"
  Liabilities:US:Chase:Slate                       -91.88 USD
  Expenses:Food:Groceries                           91.88 USD

2022-09-03 * "Kin Soy" "Eating out with work buddies"
  Liabilities:US:Chase:Slate                       -25.07 USD
  Expenses:Food:Restaurant                          25.07 USD

2022-09-06 * "Uncle Boons" "Eating out with Natasha"
  Liabilities:US:Chase:Slate                       -54.30 USD
  Expenses:Food:Restaurant                          54.30 USD

2022-09-07 balance Liabilities:US:Chase:Slate    -1602.13 USD

2022-09-08 * "Chase:Slate" "Paying off credit card"
  Liabilities:US:Chase:Slate                       225.49 USD
  Assets:US:BofA:Checking                         -225.49 USD

2022-09-09 * "Jewel of Morroco" "Eating out with Natasha"
  Liabilities:US:Chase:Slate                       -54.24 USD
  Expenses:Food:Restaurant                          54.24 USD

2022-09-12 * "China Garden" "Eating out "
  Liabilities:US:Chase:Slate                       -19.92 USD
  Expenses:Food:Restaurant                          19.92 USD

2022-09-16 * "Chichipotle" "Eating out "
  Liabilities:US:Chase:Slate                       -32.82 USD
  Expenses:Food:Restaurant                          32.82 USD

2022-09-16 * "Corner Deli" "Buying groceries"
  Liabilities:US:Chase:Slate                      -102.97 USD
  Expenses:Food:Groceries                          102.97 USD

2022-09-21 * "Rose Flower" "Eating out with Natasha"
  Liabilities:US:Chase:Slate                       -13.33 USD
  Expenses:Food:Restaurant                          13.33 USD

2022-09-21 * "Metro Transport Authority" "Tram tickets"
  Liabilities:US:Chase:Slate                      -120.00 USD
  Expenses:Transport:Tram                          120.00 USD

2022-09-23 * "Onion Market" "Buying groceries"
  Liabilities:US:Chase:Slate                       -98.02 USD
  Expenses:Food:Groceries                           98.02 USD

2022-09-25 * "Cafe Modagor" "Eating out after work"
  Liabilities:US:Chase:Slate                       -27.07 USD
  Expenses:Food:Restaurant                          27.07 USD

2022-09-26 * "Cafe Modagor" "Eating out with work buddies"
  Liabilities:US:Chase:Slate                       -29.87 USD
  Expenses:Food:Restaurant                          29.87 USD

2022-09-30 * "Goba Goba" "Eating out with Natasha"
  Liabilities:US:Chase:Slate                        -9.14 USD
  Expenses:Food:Restaurant                           9.14 USD

2022-09-30 * "Farmer Fresh" "Buying groceries"
  Liabilities:US:Chase:Slate                       -56.31 USD
  Expenses:Food:Groceries                           56.31 USD

2022-10-03 balance Liabilities:US:Chase:Slate    -1940.33 USD

2022-10-05 * "Jewel of Morroco" "Eating out with Natasha"
  Liabilities:US:Chase:Slate                       -26.96 USD
  Expenses:Food:Restaurant                          26.96 USD

2022-10-08 * "Jewel of Morroco" "Eating out after work"
  Liabilities:US:Chase:Slate                       -60.76 USD
  Expenses:Food:Restaurant                          60.76 USD

2022-10-08 * "Chase:Slate" "Paying off credit card"
  Liabilities:US:Chase:Slate                       597.17 USD
  Assets:US:BofA:Checking                         -597.17 USD

2022-10-10 * "Uncle Boons" "Eating out with work buddies"
  Liabilities:US:Chase:Slate                       -33.43 USD
  Expenses:Food:Restaurant                          33.43 USD

2022-10-10 * "Onion Market" "Buying groceries"
  Liabilities:US:Chase:Slate                      -135.88 USD
  Expenses:Food:Groceries                          135.88 USD

2022-10-15 * "Rose Flower" "Eating out with Joe"
  Liabilities:US:Chase:Slate                       -39.98 USD
  Expenses:Food:Restaurant                          39.98 USD

2022-10-18 * "Jewel of Morroco" "Eating out with Bill"
  Liabilities:US:Chase:Slate                       -12.05 USD
  Expenses:Food:Restaurant                          12.05 USD

2022-10-20 * "Rose Flower" "Eating out alone"
  Liabilities:US:Chase:Slate                       -23.77 USD
  Expenses:Food:Restaurant                          23.77 USD

2022-10-22 * "Metro Transport Authority" "Tram tickets"
  Liabilities:US:Chase:Slate                      -120.00 USD
  Expenses:Transport:Tram                          120.00 USD

2022-10-23 * "Kin Soy" "Eating out with Julie"
  Liabilities:US:Chase:Slate                       -20.56 USD
  Expenses:Food:Restaurant                          20.56 USD

2022-10-24 * "Good Moods Market" "Buying groceries"
  Liabilities:US:Chase:Slate                       -89.64 USD
  Expenses:Food:Groceries                           89.64 USD

2022-10-26 * "China Garden" "Eating out with Bill"
  Liabilities:US:Chase:Slate                       -59.61 USD
  Expenses:Food:Restaurant                          59.61 USD

2022-10-27 balance Liabilities:US:Chase:Slate    -1965.80 USD

2022-10-30 * "Uncle Boons" "Eating out with Bill"
  Liabilities:US:Chase:Slate                       -41.81 USD
  Expenses:Food:Restaurant                          41.81 USD

2022-11-01 * "Corner Deli" "Buying groceries"
  Liabilities:US:Chase:Slate                      -130.82 USD
  Expenses:Food:Groceries                          130.82 USD

2022-11-02 * "Uncle Boons" "Eating out alone"
  Liabilities:US:Chase:Slate                       -22.26 USD
  Expenses:Food:Restaurant                          22.26 USD

2022-11-07 * "Chichipotle" "Eating out with Natasha"
  Liabilities:US:Chase:Slate                       -48.77 USD
  Expenses:Food:Restaurant                          48.77 USD

2022-11-07 * "Farmer Fresh" "Buying groceries"
  Liabilities:US:Chase:Slate                       -59.42 USD
  Expenses:Food:Groceries                           59.42 USD

2022-11-07 * "Chase:Slate" "Paying off credit card"
  Liabilities:US:Chase:Slate                       778.58 USD
  Assets:US:BofA:Checking                         -778.58 USD

2022-11-10 * "Rose Flower" "Eating out after work"
  Liabilities:US:Chase:Slate                       -25.54 USD
  Expenses:Food:Restaurant                          25.54 USD

2022-11-15 * "China Garden" "Eating out alone"
  Liabilities:US:Chase:Slate                       -19.77 USD
  Expenses:Food:Restaurant                          19.77 USD

2022-11-19 * "Cafe Modagor" "Eating out with Joe"
  Liabilities:US:Chase:Slate                       -27.12 USD
  Expenses:Food:Restaurant                          27.12 USD

2022-11-20 * "Goba Goba" "Eating out with work buddies"
  Liabilities:US:Chase:Slate                       -52.48 USD
  Expenses:Food:Restaurant                          52.48 USD

2022-11-21 * "Metro Transport Authority" "Tram tickets"
  Liabilities:US:Chase:Slate                      -120.00 USD
  Expenses:Transport:Tram                          120.00 USD

2022-11-23 balance Liabilities:US:Chase:Slate    -1735.21 USD

2022-11-25 * "Chichipotle" "Eating out with Julie"
  Liabilities:US:Chase:Slate                       -26.53 USD
  Expenses:Food:Restaurant                          26.53 USD

2022-11-26 * "Onion Market" "Buying groceries"
  Liabilities:US:Chase:Slate                       -68.49 USD
  Expenses:Food:Groceries                           68.49 USD

2022-11-30 * "Uncle Boons" "Eating out with Bill"
  Liabilities:US:Chase:Slate                       -25.56 USD
  Expenses:Food:Restaurant                          25.56 USD

2022-12-03 * "Jewel of Morroco" "Eating out with work buddies"
  Liabilities:US:Chase:Slate                       -18.08 USD
  Expenses:Food:Restaurant                          18.08 USD

2022-12-08 * "Uncle Boons" "Eating out after work"
  Liabilities:US:Chase:Slate                       -27.54 USD
  Expenses:Food:Restaurant                          27.54 USD

2022-12-08 * "Chase:Slate" "Paying off credit card"
  Liabilities:US:Chase:Slate                       470.53 USD
  Assets:US:BofA:Checking                         -470.53 USD

2022-12-10 * "Kin Soy" "Eating out with Natasha"
  Liabilities:US:Chase:Slate                       -35.37 USD
  Expenses:Food:Restaurant                          35.37 USD

2022-12-15 * "Goba Goba" "Eating out with Julie"
  Liabilities:US:Chase:Slate                       -46.22 USD
  Expenses:Food:Restaurant                          46.22 USD

2022-12-15 * "Good Moods Market" "Buying groceries"
  Liabilities:US:Chase:Slate                       -85.60 USD
  Expenses:Food:Groceries                           85.60 USD

2022-12-20 balance Liabilities:US:Chase:Slate    -1598.07 USD

2022-12-20 * "Uncle Boons" "Eating out "
  Liabilities:US:Chase:Slate                       -26.14 USD
  Expenses:Food:Restaurant                          26.14 USD

2022-12-22 * "Kin Soy" "Eating out after work"
  Liabilities:US:Chase:Slate                       -38.68 USD
  Expenses:Food:Restaurant                          38.68 USD

2022-12-23 * "Goba Goba" "Eating out with Julie"
  Liabilities:US:Chase:Slate                       -35.13 USD
  Expenses:Food:Restaurant                          35.13 USD

2022-12-24 * "Farmer Fresh" "Buying groceries"
  Liabilities:US:Chase:Slate                      -106.04 USD
  Expenses:Food:Groceries                          106.04 USD

2022-12-24 * "Metro Transport Authority" "Tram tickets"
  Liabilities:US:Chase:Slate                      -120.00 USD
  Expenses:Transport:Tram                          120.00 USD

2022-12-27 * "Cafe Modagor" "Eating out "
  Liabilities:US:Chase:Slate                       -69.89 USD
  Expenses:Food:Restaurant                          69.89 USD

2022-12-29 * "Kin Soy" "Eating out after work"
  Liabilities:US:Chase:Slate                       -27.35 USD
  Expenses:Food:Restaurant                          27.35 USD

2023-01-01 * "Good Moods Market" "Buying groceries"
  Liabilities:US:Chase:Slate                       -61.11 USD
  Expenses:Food:Groceries                           61.11 USD

2023-01-03 * "Kin Soy" "Eating out with Joe"
  Liabilities:US:Chase:Slate                       -20.63 USD
  Expenses:Food:Restaurant                          20.63 USD

2023-01-05 * "Kin Soy" "Eating out with Joe"
  Liabilities:US:Chase:Slate                       -15.46 USD
  Expenses:Food:Restaurant                          15.46 USD

2023-01-08 * "Chase:Slate" "Paying off credit card"
  Liabilities:US:Chase:Slate                       721.41 USD
  Assets:US:BofA:Checking                         -721.41 USD

2023-01-09 * "Chichipotle" "Eating out after work"
  Liabilities:US:Chase:Slate                       -33.79 USD
  Expenses:Food:Restaurant                          33.79 USD

2023-01-12 * "Goba Goba" "Eating out with Joe"
  Liabilities:US:Chase:Slate                       -40.85 USD
  Expenses:Food:Restaurant                          40.85 USD

2023-01-12 * "Corner Deli" "Buying groceries"
  Liabilities:US:Chase:Slate                       -57.38 USD
  Expenses:Food:Groceries                           57.38 USD

2023-01-16 * "China Garden" "Eating out with Joe"
  Liabilities:US:Chase:Slate                       -22.47 USD
  Expenses:Food:Restaurant                          22.47 USD

2023-01-17 * "Rose Flower" "Eating out with work buddies"
  Liabilities:US:Chase:Slate                       -17.03 USD
  Expenses:Food:Restaurant                          17.03 USD

2023-01-18 balance Liabilities:US:Chase:Slate    -1568.61 USD

2023-01-20 * "Rose Flower" "Eating out "
  Liabilities:US:Chase:Slate                       -29.93 USD
  Expenses:Food:Restaurant                          29.93 USD

2023-01-21 * "Onion Market" "Buying groceries"
  Liabilities:US:Chase:Slate                       -93.10 USD
  Expenses:Food:Groceries                           93.10 USD

2023-01-21 * "Metro Transport Authority" "Tram tickets"
  Liabilities:US:Chase:Slate                      -120.00 USD
  Expenses:Transport:Tram                          120.00 USD

2023-01-22 * "Rose Flower" "Eating out with Julie"
  Liabilities:US:Chase:Slate                       -31.62 USD
  Expenses:Food:Restaurant                          31.62 USD

2023-01-23 * "Kin Soy" "Eating out with Natasha"
  Liabilities:US:Chase:Slate                       -43.64 USD
  Expenses:Food:Restaurant                          43.64 USD

2023-01-24 * "Goba Goba" "Eating out alone"
  Liabilities:US:Chase:Slate                       -18.34 USD
  Expenses:Food:Restaurant                          18.34 USD

2023-01-29 * "Jewel of Morroco" "Eating out "
  Liabilities:US:Chase:Slate                       -28.87 USD
  Expenses:Food:Restaurant                          28.87 USD

2023-02-01 * "Goba Goba" "Eating out with work buddies"
  Liabilities:US:Chase:Slate                       -23.94 USD
  Expenses:Food:Restaurant                          23.94 USD

2023-02-03 * "Rose Flower" "Eating out with Natasha"
  Liabilities:US:Chase:Slate                       -31.46 USD
  Expenses:Food:Restaurant                          31.46 USD

2023-02-04 * "Goba Goba" "Eating out after work"
  Liabilities:US:Chase:Slate                       -27.86 USD
  Expenses:Food:Restaurant                          27.86 USD

2023-02-06 * "Jewel of Morroco" "Eating out with Natasha"
  Liabilities:US:Chase:Slate                       -52.50 USD
  Expenses:Food:Restaurant                          52.50 USD

2023-02-07 * "Corner Deli" "Buying groceries"
  Liabilities:US:Chase:Slate                      -111.35 USD
  Expenses:Food:Groceries                          111.35 USD

2023-02-09 * "Chase:Slate" "Paying off credit card"
  Liabilities:US:Chase:Slate                       768.11 USD
  Assets:US:BofA:Checking                         -768.11 USD

2023-02-10 * "Cafe Modagor" "Eating out with work buddies"
  Liabilities:US:Chase:Slate                       -17.77 USD
  Expenses:Food:Restaurant                          17.77 USD

2023-02-14 * "Jewel of Morroco" "Eating out alone"
  Liabilities:US:Chase:Slate                       -15.91 USD
  Expenses:Food:Restaurant                          15.91 USD

2023-02-15 balance Liabilities:US:Chase:Slate    -1446.79 USD

2023-02-17 * "Rose Flower" "Eating out with Julie"
  Liabilities:US:Chase:Slate                       -41.07 USD
  Expenses:Food:Restaurant                          41.07 USD

2023-02-18 * "Goba Goba" "Eating out "
  Liabilities:US:Chase:Slate                       -25.47 USD
  Expenses:Food:Restaurant                          25.47 USD

2023-02-19 * "Farmer Fresh" "Buying groceries"
  Liabilities:US:Chase:Slate                       -66.91 USD
  Expenses:Food:Groceries                           66.91 USD

2023-02-22 * "Goba Goba" "Eating out with Julie"
  Liabilities:US:Chase:Slate                       -21.22 USD
  Expenses:Food:Restaurant                          21.22 USD

2023-02-23 * "Metro Transport Authority" "Tram tickets"
  Liabilities:US:Chase:Slate                      -120.00 USD
  Expenses:Transport:Tram                          120.00 USD

2023-02-26 * "Jewel of Morroco" "Eating out after work"
  Liabilities:US:Chase:Slate                       -35.85 USD
  Expenses:Food:Restaurant                          35.85 USD

2023-02-28 * "Jewel of Morroco" "Eating out with Joe"
  Liabilities:US:Chase:Slate                       -36.35 USD
  Expenses:Food:Restaurant                          36.35 USD

2023-03-01 * "Goba Goba" "Eating out with Natasha"
  Liabilities:US:Chase:Slate                       -54.86 USD
  Expenses:Food:Restaurant                          54.86 USD

2023-03-02 * "Onion Market" "Buying groceries"
  Liabilities:US:Chase:Slate                      -110.41 USD
  Expenses:Food:Groceries                          110.41 USD

2023-03-05 * "Cafe Modagor" "Eating out with Natasha"
  Liabilities:US:Chase:Slate                       -54.97 USD
  Expenses:Food:Restaurant                          54.97 USD

2023-03-07 balance Liabilities:US:Chase:Slate    -2013.90 USD

2023-03-10 * "Cafe Modagor" "Eating out "
  Liabilities:US:Chase:Slate                       -22.14 USD
  Expenses:Food:Restaurant                          22.14 USD

2023-03-11 * "Chase:Slate" "Paying off credit card"
  Liabilities:US:Chase:Slate                       651.17 USD
  Assets:US:BofA:Checking                         -651.17 USD

2023-03-12 * "Cafe Modagor" "Eating out alone"
  Liabilities:US:Chase:Slate                       -46.01 USD
  Expenses:Food:Restaurant                          46.01 USD

2023-03-16 * "Cafe Modagor" "Eating out alone"
  Liabilities:US:Chase:Slate                       -29.19 USD
  Expenses:Food:Restaurant                          29.19 USD

2023-03-19 * "Farmer Fresh" "Buying groceries"
  Liabilities:US:Chase:Slate                       -82.44 USD
  Expenses:Food:Groceries                           82.44 USD

2023-03-20 * "Goba Goba" "Eating out "
  Liabilities:US:Chase:Slate                       -33.15 USD
  Expenses:Food:Restaurant                          33.15 USD

2023-03-21 * "China Garden" "Eating out with work buddies"
  Liabilities:US:Chase:Slate                       -24.31 USD
  Expenses:Food:Restaurant                          24.31 USD

2023-03-22 * "Metro Transport Authority" "Tram tickets"
  Liabilities:US:Chase:Slate                      -120.00 USD
  Expenses:Transport:Tram                          120.00 USD

2023-03-24 * "Kin Soy" "Eating out with Julie"
  Liabilities:US:Chase:Slate                       -28.86 USD
  Expenses:Food:Restaurant                          28.86 USD

2023-03-24 * "Good Moods Market" "Buying groceries"
  Liabilities:US:Chase:Slate                       -74.18 USD
  Expenses:Food:Groceries                           74.18 USD

2023-03-28 balance Liabilities:US:Chase:Slate    -1823.01 USD

2023-03-28 * "Cafe Modagor" "Eating out with work buddies"
  Liabilities:US:Chase:Slate                       -46.80 USD
  Expenses:Food:Restaurant                          46.80 USD

2023-03-29 * "Goba Goba" "Eating out alone"
  Liabilities:US:Chase:Slate                       -46.52 USD
  Expenses:Food:Restaurant                          46.52 USD

2023-04-01 * "Jewel of Morroco" "Eating out with Julie"
  Liabilities:US:Chase:Slate                       -21.16 USD
  Expenses:Food:Restaurant                          21.16 USD

2023-04-02 * "Cafe Modagor" "Eating out after work"
  Liabilities:US:Chase:Slate                       -38.99 USD
  Expenses:Food:Restaurant                          38.99 USD

2023-04-03 * "Onion Market" "Buying groceries"
  Liabilities:US:Chase:Slate                       -45.42 USD
  Expenses:Food:Groceries                           45.42 USD

2023-04-06 * "China Garden" "Eating out with Joe"
  Liabilities:US:Chase:Slate                       -23.37 USD
  Expenses:Food:Restaurant                          23.37 USD

2023-04-07 * "Chase:Slate" "Paying off credit card"
  Liabilities:US:Chase:Slate                       682.97 USD
  Assets:US:BofA:Checking                         -682.97 USD

2023-04-08 * "Corner Deli" "Buying groceries"
  Liabilities:US:Chase:Slate                       -68.58 USD
  Expenses:Food:Groceries                           68.58 USD

2023-04-11 * "Goba Goba" "Eating out after work"
  Liabilities:US:Chase:Slate                       -29.60 USD
  Expenses:Food:Restaurant                          29.60 USD

2023-04-13 * "China Garden" "Eating out "
  Liabilities:US:Chase:Slate                       -33.57 USD
  Expenses:Food:Restaurant                          33.57 USD

2023-04-16 * "Good Moods Market" "Buying groceries"
  Liabilities:US:Chase:Slate                       -80.49 USD
  Expenses:Food:Groceries                           80.49 USD

2023-04-17 * "Jewel of Morroco" "Eating out with Natasha"
  Liabilities:US:Chase:Slate                       -34.36 USD
  Expenses:Food:Restaurant                          34.36 USD

2023-04-22 * "Rose Flower" "Eating out alone"
  Liabilities:US:Chase:Slate                       -32.43 USD
  Expenses:Food:Restaurant                          32.43 USD

2023-04-24 * "Metro Transport Authority" "Tram tickets"
  Liabilities:US:Chase:Slate                      -120.00 USD
  Expenses:Transport:Tram                          120.00 USD

2023-04-26 balance Liabilities:US:Chase:Slate    -1761.33 USD

2023-04-26 * "China Garden" "Eating out with Bill"
  Liabilities:US:Chase:Slate                       -22.16 USD
  Expenses:Food:Restaurant                          22.16 USD

2023-04-29 * "Uncle Boons" "Eating out "
  Liabilities:US:Chase:Slate                       -42.04 USD
  Expenses:Food:Restaurant                          42.04 USD

2023-04-29 * "Farmer Fresh" "Buying groceries"
  Liabilities:US:Chase:Slate                      -109.85 USD
  Expenses:Food:Groceries                          109.85 USD

2023-05-01 * "Uncle Boons" "Eating out after work"
  Liabilities:US:Chase:Slate                       -19.82 USD
  Expenses:Food:Restaurant                          19.82 USD

2023-05-04 * "Corner Deli" "Buying groceries"
  Liabilities:US:Chase:Slate                       -83.58 USD
  Expenses:Food:Groceries                           83.58 USD

2023-05-06 * "Kin Soy" "Eating out alone"
  Liabilities:US:Chase:Slate                       -29.23 USD
  Expenses:Food:Restaurant                          29.23 USD

2023-05-07 * "Uncle Boons" "Eating out with Bill"
  Liabilities:US:Chase:Slate                       -44.33 USD
  Expenses:Food:Restaurant                          44.33 USD

2023-05-09 * "Kin Soy" "Eating out with Julie"
  Liabilities:US:Chase:Slate                       -46.83 USD
  Expenses:Food:Restaurant                          46.83 USD

2023-05-10 * "Good Moods Market" "Buying groceries"
  Liabilities:US:Chase:Slate                      -140.20 USD
  Expenses:Food:Groceries                          140.20 USD

2023-05-11 * "Chase:Slate" "Paying off credit card"
  Liabilities:US:Chase:Slate                       924.11 USD
  Assets:US:BofA:Checking                         -924.11 USD

2023-05-12 * "Goba Goba" "Eating out with work buddies"
  Liabilities:US:Chase:Slate                       -55.62 USD
  Expenses:Food:Restaurant                          55.62 USD

2023-05-17 * "Goba Goba" "Eating out with Julie"
  Liabilities:US:Chase:Slate                       -44.01 USD
  Expenses:Food:Restaurant                          44.01 USD

2023-05-18 * "Uncle Boons" "Eating out with Bill"
  Liabilities:US:Chase:Slate                       -46.41 USD
  Expenses:Food:Restaurant                          46.41 USD

2023-05-20 * "China Garden" "Eating out with Julie"
  Liabilities:US:Chase:Slate                       -24.01 USD
  Expenses:Food:Restaurant                          24.01 USD

2023-05-21 balance Liabilities:US:Chase:Slate    -1545.31 USD

2023-05-22 * "Rose Flower" "Eating out after work"
  Liabilities:US:Chase:Slate                       -26.18 USD
  Expenses:Food:Restaurant                          26.18 USD

2023-05-22 * "Metro Transport Authority" "Tram tickets"
  Liabilities:US:Chase:Slate                      -120.00 USD
  Expenses:Transport:Tram                          120.00 USD

2023-05-26 * "Cafe Modagor" "Eating out alone"
  Liabilities:US:Chase:Slate                       -26.85 USD
  Expenses:Food:Restaurant                          26.85 USD

2023-05-27 * "Chichipotle" "Eating out with work buddies"
  Liabilities:US:Chase:Slate                       -20.16 USD
  Expenses:Food:Restaurant                          20.16 USD

2023-05-28 * "Onion Market" "Buying groceries"
  Liabilities:US:Chase:Slate                       -57.73 USD
  Expenses:Food:Groceries                           57.73 USD

2023-06-01 * "Rose Flower" "Eating out "
  Liabilities:US:Chase:Slate                       -41.04 USD
  Expenses:Food:Restaurant                          41.04 USD

2023-06-03 * "Goba Goba" "Eating out with Julie"
  Liabilities:US:Chase:Slate                       -27.06 USD
  Expenses:Food:Restaurant                          27.06 USD

2023-06-04 * "Onion Market" "Buying groceries"
  Liabilities:US:Chase:Slate                       -79.71 USD
  Expenses:Food:Groceries                           79.71 USD

2023-06-07 * "Goba Goba" "Eating out with Bill"
  Liabilities:US:Chase:Slate                       -37.72 USD
  Expenses:Food:Restaurant                          37.72 USD

2023-06-08 * "Uncle Boons" "Eating out "
  Liabilities:US:Chase:Slate                       -21.69 USD
  Expenses:Food:Restaurant                          21.69 USD

2023-06-09 * "Kin Soy" "Eating out with work buddies"
  Liabilities:US:Chase:Slate                       -45.97 USD
  Expenses:Food:Restaurant                          45.97 USD

2023-06-10 * "Chase:Slate" "Paying off credit card"
  Liabilities:US:Chase:Slate                       670.64 USD
  Assets:US:BofA:Checking                         -670.64 USD

2023-06-11 * "Uncle Boons" "Eating out after work"
  Liabilities:US:Chase:Slate                       -52.10 USD
  Expenses:Food:Restaurant                          52.10 USD

2023-06-14 * "Cafe Modagor" "Eating out "
  Liabilities:US:Chase:Slate                       -45.78 USD
  Expenses:Food:Restaurant                          45.78 USD

2023-06-18 * "Jewel of Morroco" "Eating out with Joe"
  Liabilities:US:Chase:Slate                       -25.18 USD
  Expenses:Food:Restaurant                          25.18 USD

2023-06-18 * "Farmer Fresh" "Buying groceries"
  Liabilities:US:Chase:Slate                       -71.15 USD
  Expenses:Food:Groceries                           71.15 USD

2023-06-20 balance Liabilities:US:Chase:Slate    -1572.99 USD

2023-06-23 * "Uncle Boons" "Eating out with Bill"
  Liabilities:US:Chase:Slate                       -28.33 USD
  Expenses:Food:Restaurant                          28.33 USD

2023-06-23 * "Metro Transport Authority" "Tram tickets"
  Liabilities:US:Chase:Slate                      -120.00 USD
  Expenses:Transport:Tram                          120.00 USD

2023-06-27 * "Kin Soy" "Eating out after work"
  Liabilities:US:Chase:Slate                       -18.99 USD
  Expenses:Food:Restaurant                          18.99 USD

2023-06-29 * "Goba Goba" "Eating out with work buddies"
  Liabilities:US:Chase:Slate                       -16.85 USD
  Expenses:Food:Restaurant                          16.85 USD

2023-07-02 * "Jewel of Morroco" "Eating out alone"
  Liabilities:US:Chase:Slate                       -46.42 USD
  Expenses:Food:Restaurant                          46.42 USD

2023-07-04 * "Jewel of Morroco" "Eating out with Joe"
  Liabilities:US:Chase:Slate                       -18.87 USD
  Expenses:Food:Restaurant                          18.87 USD

2023-07-07 * "Farmer Fresh" "Buying groceries"
  Liabilities:US:Chase:Slate                       -77.63 USD
  Expenses:Food:Groceries                           77.63 USD

2023-07-09 * "China Garden" "Eating out after work"
  Liabilities:US:Chase:Slate                       -33.68 USD
  Expenses:Food:Restaurant                          33.68 USD

2023-07-11 * "Uncle Boons" "Eating out with work buddies"
  Liabilities:US:Chase:Slate                       -23.47 USD
  Expenses:Food:Restaurant                          23.47 USD

2023-07-11 * "Chase:Slate" "Paying off credit card"
  Liabilities:US:Chase:Slate                       526.35 USD
  Assets:US:BofA:Checking                         -526.35 USD

2023-07-12 * "Jewel of Morroco" "Eating out alone"
  Liabilities:US:Chase:Slate                       -38.94 USD
  Expenses:Food:Restaurant                          38.94 USD

2023-07-13 * "Jewel of Morroco" "Eating out with Bill"
  Liabilities:US:Chase:Slate                       -43.40 USD
  Expenses:Food:Restaurant                          43.40 USD

2023-07-16 balance Liabilities:US:Chase:Slate    -1513.22 USD

2023-07-17 * "Cafe Modagor" "Eating out with Bill"
  Liabilities:US:Chase:Slate                       -28.75 USD
  Expenses:Food:Restaurant                          28.75 USD

2023-07-18 * "Farmer Fresh" "Buying groceries"
  Liabilities:US:Chase:Slate                       -65.34 USD
  Expenses:Food:Groceries                           65.34 USD

2023-07-19 * "Cafe Modagor" "Eating out with Joe"
  Liabilities:US:Chase:Slate                       -23.00 USD
  Expenses:Food:Restaurant                          23.00 USD

2023-07-22 * "Metro Transport Authority" "Tram tickets"
  Liabilities:US:Chase:Slate                      -120.00 USD
  Expenses:Transport:Tram                          120.00 USD

2023-07-23 * "Uncle Boons" "Eating out with Bill"
  Liabilities:US:Chase:Slate                       -19.14 USD
  Expenses:Food:Restaurant                          19.14 USD

2023-07-26 event "location" "San Francisco"

2023-07-27 * "Bar Crudo" "" #trip-san-francisco-2023
  Liabilities:US:Chase:Slate                       -66.24 USD
  Expenses:Food:Restaurant                          66.24 USD

2023-07-28 * "Pizza Delfina" "" #trip-san-francisco-2023
  Liabilities:US:Chase:Slate                       -20.06 USD
  Expenses:Food:Restaurant                          20.06 USD

2023-07-29 * "Starbucks" "" #trip-san-francisco-2023
  Liabilities:US:Chase:Slate                        -7.15 USD
  Expenses:Food:Coffee                               7.15 USD

2023-07-30 * "Pizza Delfina" "" #trip-san-francisco-2023
  Liabilities:US:Chase:Slate                       -18.56 USD
  Expenses:Food:Restaurant                          18.56 USD

2023-07-30 * "Waterbar" "" #trip-san-francisco-2023
  Liabilities:US:Chase:Slate                       -54.59 USD
  Expenses:Food:Restaurant                          54.59 USD

2023-07-30 * "Mission Chinese Food" "" #trip-san-francisco-2023
  Liabilities:US:Chase:Slate                       -29.02 USD
  Expenses:Food:Restaurant                          29.02 USD

2023-07-31 * "Bar Crudo" "" #trip-san-francisco-2023
  Liabilities:US:Chase:Slate                       -72.43 USD
  Expenses:Food:Restaurant                          72.43 USD

2023-07-31 * "Waterbar" "" #trip-san-francisco-2023
  Liabilities:US:Chase:Slate                       -47.92 USD
  Expenses:Food:Restaurant                          47.92 USD

2023-08-02 * "Bar Crudo" "" #trip-san-francisco-2023
  Liabilities:US:Chase:Slate                       -78.07 USD
  Expenses:Food:Restaurant                          78.07 USD

2023-08-02 * "Pizza Delfina" "" #trip-san-francisco-2023
  Liabilities:US:Chase:Slate                       -17.83 USD
  Expenses:Food:Restaurant                          17.83 USD

2023-08-02 * "Waterbar" "" #trip-san-francisco-2023
  Liabilities:US:Chase:Slate                       -46.57 USD
  Expenses:Food:Restaurant                          46.57 USD

2023-08-04 * "Starbucks" "" #trip-san-francisco-2023
  Liabilities:US:Chase:Slate                        -6.45 USD
  Expenses:Food:Coffee                               6.45 USD

2023-08-05 * "Starbucks" "" #trip-san-francisco-2023
  Liabilities:US:Chase:Slate                        -7.43 USD
  Expenses:Food:Coffee                               7.43 USD

2023-08-06 * "Bar Crudo" "" #trip-san-francisco-2023
  Liabilities:US:Chase:Slate                       -62.84 USD
  Expenses:Food:Restaurant                          62.84 USD

2023-08-06 * "Waterbar" "" #trip-san-francisco-2023
  Liabilities:US:Chase:Slate                       -52.46 USD
  Expenses:Food:Restaurant                          52.46 USD

2023-08-06 * "Starbucks" "" #trip-san-francisco-2023
  Liabilities:US:Chase:Slate                        -4.97 USD
  Expenses:Food:Coffee                               4.97 USD

2023-08-07 * "Mission Chinese Food" "" #trip-san-francisco-2023
  Liabilities:US:Chase:Slate                       -29.94 USD
  Expenses:Food:Restaurant                          29.94 USD

2023-08-08 * "Pizza Delfina" "" #trip-san-francisco-2023
  Liabilities:US:Chase:Slate                       -24.04 USD
  Expenses:Food:Restaurant                          24.04 USD

2023-08-09 * "Mission Chinese Food" "" #trip-san-francisco-2023
  Liabilities:US:Chase:Slate                       -29.30 USD
  Expenses:Food:Restaurant                          29.30 USD

2023-08-09 * "Starbucks" "" #trip-san-francisco-2023
  Liabilities:US:Chase:Slate                        -6.40 USD
  Expenses:Food:Coffee                               6.40 USD

2023-08-10 * "Bar Crudo" "" #trip-san-francisco-2023
  Liabilities:US:Chase:Slate                       -73.50 USD
  Expenses:Food:Restaurant                          73.50 USD

2023-08-10 * "Waterbar" "" #trip-san-francisco-2023
  Liabilities:US:Chase:Slate                       -37.92 USD
  Expenses:Food:Restaurant                          37.92 USD

2023-08-11 balance Liabilities:US:Chase:Slate    -2563.14 USD

2023-08-11 * "Mission Chinese Food" "" #trip-san-francisco-2023
  Liabilities:US:Chase:Slate                       -25.77 USD
  Expenses:Food:Restaurant                          25.77 USD

2023-08-11 * "Chase:Slate" "Paying off credit card"
  Liabilities:US:Chase:Slate                       397.29 USD
  Assets:US:BofA:Checking                         -397.29 USD

2023-08-12 * "Pizza Delfina" "" #trip-san-francisco-2023
  Liabilities:US:Chase:Slate                       -20.29 USD
  Expenses:Food:Restaurant                          20.29 USD

2023-08-12 * "Waterbar" "" #trip-san-francisco-2023
  Liabilities:US:Chase:Slate                       -43.19 USD
  Expenses:Food:Restaurant                          43.19 USD

2023-08-12 * "Starbucks" "" #trip-san-francisco-2023
  Liabilities:US:Chase:Slate                        -5.85 USD
  Expenses:Food:Coffee                               5.85 USD

2023-08-13 * "Pizza Delfina" "" #trip-san-francisco-2023
  Liabilities:US:Chase:Slate                       -16.54 USD
  Expenses:Food:Restaurant                          16.54 USD

2023-08-13 * "Starbucks" "" #trip-san-francisco-2023
  Liabilities:US:Chase:Slate                        -6.19 USD
  Expenses:Food:Coffee                               6.19 USD

2023-08-14 * "Waterbar" "" #trip-san-francisco-2023
  Liabilities:US:Chase:Slate                       -50.38 USD
  Expenses:Food:Restaurant                          50.38 USD

2023-08-14 * "Starbucks" "" #trip-san-francisco-2023
  Liabilities:US:Chase:Slate                        -6.61 USD
  Expenses:Food:Coffee                               6.61 USD

2023-08-15 * "Pizza Delfina" "" #trip-san-francisco-2023
  Liabilities:US:Chase:Slate                       -21.05 USD
  Expenses:Food:Restaurant                          21.05 USD

2023-08-15 * "Waterbar" "" #trip-san-francisco-2023
  Liabilities:US:Chase:Slate                       -40.93 USD
  Expenses:Food:Restaurant                          40.93 USD

2023-08-15 * "Mission Chinese Food" "" #trip-san-francisco-2023
  Liabilities:US:Chase:Slate                       -30.43 USD
  Expenses:Food:Restaurant                          30.43 USD

2023-08-16 * "China Garden" "Eating out alone"
  Liabilities:US:Chase:Slate                       -58.72 USD
  Expenses:Food:Restaurant                          58.72 USD

2023-08-16 * "Waterbar" "" #trip-san-francisco-2023
  Liabilities:US:Chase:Slate                       -46.05 USD
  Expenses:Food:Restaurant                          46.05 USD

2023-08-16 * "Starbucks" "" #trip-san-francisco-2023
  Liabilities:US:Chase:Slate                        -6.94 USD
  Expenses:Food:Coffee                               6.94 USD

2023-08-16 * "Consume vacation days"
  Assets:US:BayBook:Vacation                         -168 VACHR
  Expenses:Vacation                                   168 VACHR

2023-08-16 event "location" "New Metropolis"

2023-08-21 * "China Garden" "Eating out alone"
  Liabilities:US:Chase:Slate                       -39.15 USD
  Expenses:Food:Restaurant                          39.15 USD

2023-08-21 * "Metro Transport Authority" "Tram tickets"
  Liabilities:US:Chase:Slate                      -120.00 USD
  Expenses:Transport:Tram                          120.00 USD

2023-08-23 * "Rose Flower" "Eating out with Joe"
  Liabilities:US:Chase:Slate                       -13.87 USD
  Expenses:Food:Restaurant                          13.87 USD

2023-08-24 * "Cafe Modagor" "Eating out with Julie"
  Liabilities:US:Chase:Slate                       -30.24 USD
  Expenses:Food:Restaurant                          30.24 USD

2023-08-28 * "Good Moods Market" "Buying groceries"
  Liabilities:US:Chase:Slate                       -64.62 USD
  Expenses:Food:Groceries                           64.62 USD

2023-08-29 * "Jewel of Morroco" "Eating out with Julie"
  Liabilities:US:Chase:Slate                       -20.00 USD
  Expenses:Food:Restaurant                          20.00 USD

2023-09-01 * "China Garden" "Eating out with Joe"
  Liabilities:US:Chase:Slate                       -64.56 USD
  Expenses:Food:Restaurant                          64.56 USD

2023-09-03 balance Liabilities:US:Chase:Slate    -2897.23 USD

2023-09-04 * "Cafe Modagor" "Eating out "
  Liabilities:US:Chase:Slate                       -14.50 USD
  Expenses:Food:Restaurant                          14.50 USD

2023-09-08 * "Cafe Modagor" "Eating out with Joe"
  Liabilities:US:Chase:Slate                       -37.73 USD
  Expenses:Food:Restaurant                          37.73 USD

2023-09-10 * "Cafe Modagor" "Eating out with Natasha"
  Liabilities:US:Chase:Slate                       -18.07 USD
  Expenses:Food:Restaurant                          18.07 USD

2023-09-10 * "Chase:Slate" "Paying off credit card"
  Liabilities:US:Chase:Slate                       422.74 USD
  Assets:US:BofA:Checking                         -422.74 USD

2023-09-12 * "Kin Soy" "Eating out after work"
  Liabilities:US:Chase:Slate                       -28.98 USD
  Expenses:Food:Restaurant                          28.98 USD

2023-09-13 * "Goba Goba" "Eating out with Natasha"
  Liabilities:US:Chase:Slate                       -22.34 USD
  Expenses:Food:Restaurant                          22.34 USD

2023-09-17 * "China Garden" "Eating out alone"
  Liabilities:US:Chase:Slate                       -52.23 USD
  Expenses:Food:Restaurant                          52.23 USD

2023-09-17 * "Corner Deli" "Buying groceries"
  Liabilities:US:Chase:Slate                       -89.98 USD
  Expenses:Food:Groceries                           89.98 USD

2023-09-21 * "Rose Flower" "Eating out with Julie"
  Liabilities:US:Chase:Slate                       -35.33 USD
  Expenses:Food:Restaurant                          35.33 USD

2023-09-22 * "Corner Deli" "Buying groceries"
  Liabilities:US:Chase:Slate                      -145.91 USD
  Expenses:Food:Groceries                          145.91 USD

2023-09-22 * "Metro Transport Authority" "Tram tickets"
  Liabilities:US:Chase:Slate                      -120.00 USD
  Expenses:Transport:Tram                          120.00 USD

2023-09-24 * "Chichipotle" "Eating out "
  Liabilities:US:Chase:Slate                       -36.31 USD
  Expenses:Food:Restaurant                          36.31 USD

2023-09-29 * "Jewel of Morroco" "Eating out after work"
  Liabilities:US:Chase:Slate                       -16.38 USD
  Expenses:Food:Restaurant                          16.38 USD

2023-09-30 balance Liabilities:US:Chase:Slate    -3092.25 USD

2023-10-04 * "Uncle Boons" "Eating out with Bill"
  Liabilities:US:Chase:Slate                       -36.00 USD
  Expenses:Food:Restaurant                          36.00 USD

2023-10-05 * "Goba Goba" "Eating out after work"
  Liabilities:US:Chase:Slate                       -35.51 USD
  Expenses:Food:Restaurant                          35.51 USD

2023-10-08 * "Goba Goba" "Eating out with Natasha"
  Liabilities:US:Chase:Slate                       -40.07 USD
  Expenses:Food:Restaurant                          40.07 USD

2023-10-10 * "Good Moods Market" "Buying groceries"
  Liabilities:US:Chase:Slate                       -69.11 USD
  Expenses:Food:Groceries                           69.11 USD

2023-10-11 * "Chichipotle" "Eating out alone"
  Liabilities:US:Chase:Slate                       -35.65 USD
  Expenses:Food:Restaurant                          35.65 USD

2023-10-11 * "Chase:Slate" "Paying off credit card"
  Liabilities:US:Chase:Slate                       763.80 USD
  Assets:US:BofA:Checking                         -763.80 USD

2023-10-12 * "Rose Flower" "Eating out with Joe"
  Liabilities:US:Chase:Slate                       -40.21 USD
  Expenses:Food:Restaurant                          40.21 USD

2023-10-17 * "Rose Flower" "Eating out with Joe"
  Liabilities:US:Chase:Slate                       -38.01 USD
  Expenses:Food:Restaurant                          38.01 USD

2023-10-21 balance Liabilities:US:Chase:Slate    -2623.01 USD

2023-10-22 * "Chichipotle" "Eating out with Joe"
  Liabilities:US:Chase:Slate                       -18.24 USD
  Expenses:Food:Restaurant                          18.24 USD

2023-10-22 * "Good Moods Market" "Buying groceries"
  Liabilities:US:Chase:Slate                       -74.22 USD
  Expenses:Food:Groceries                           74.22 USD

2023-10-25 * "Metro Transport Authority" "Tram tickets"
  Liabilities:US:Chase:Slate                      -120.00 USD
  Expenses:Transport:Tram                          120.00 USD

2023-10-27 * "Rose Flower" "Eating out with Joe"
  Liabilities:US:Chase:Slate                       -22.92 USD
  Expenses:Food:Restaurant                          22.92 USD

2023-10-29 * "Chichipotle" "Eating out after work"
  Liabilities:US:Chase:Slate                       -28.35 USD
  Expenses:Food:Restaurant                          28.35 USD

2023-10-31 * "Goba Goba" "Eating out alone"
  Liabilities:US:Chase:Slate                       -15.75 USD
  Expenses:Food:Restaurant                          15.75 USD

2023-10-31 * "Corner Deli" "Buying groceries"
  Liabilities:US:Chase:Slate                       -73.28 USD
  Expenses:Food:Groceries                           73.28 USD

2023-11-04 * "Rose Flower" "Eating out after work"
  Liabilities:US:Chase:Slate                       -30.82 USD
  Expenses:Food:Restaurant                          30.82 USD

2023-11-06 * "Good Moods Market" "Buying groceries"
  Liabilities:US:Chase:Slate                       -84.26 USD
  Expenses:Food:Groceries                           84.26 USD

2023-11-08 * "Rose Flower" "Eating out "
  Liabilities:US:Chase:Slate                       -26.98 USD
  Expenses:Food:Restaurant                          26.98 USD

2023-11-11 * "Farmer Fresh" "Buying groceries"
  Liabilities:US:Chase:Slate                       -70.68 USD
  Expenses:Food:Groceries                           70.68 USD

2023-11-11 * "Chase:Slate" "Paying off credit card"
  Liabilities:US:Chase:Slate                       643.72 USD
  Assets:US:BofA:Checking                         -643.72 USD

2023-11-13 * "Cafe Modagor" "Eating out "
  Liabilities:US:Chase:Slate                       -47.03 USD
  Expenses:Food:Restaurant                          47.03 USD

2023-11-16 * "Jewel of Morroco" "Eating out with Joe"
  Liabilities:US:Chase:Slate                       -19.67 USD
  Expenses:Food:Restaurant                          19.67 USD

2023-11-19 balance Liabilities:US:Chase:Slate    -2611.49 USD

2023-11-19 * "Jewel of Morroco" "Eating out "
  Liabilities:US:Chase:Slate                       -38.63 USD
  Expenses:Food:Restaurant                          38.63 USD

2023-11-22 * "Kin Soy" "Eating out with Joe"
  Liabilities:US:Chase:Slate                       -20.84 USD
  Expenses:Food:Restaurant                          20.84 USD

2023-11-24 * "Uncle Boons" "Eating out with Bill"
  Liabilities:US:Chase:Slate                       -26.52 USD
  Expenses:Food:Restaurant                          26.52 USD

2023-11-27 * "Onion Market" "Buying groceries"
  Liabilities:US:Chase:Slate                       -62.64 USD
  Expenses:Food:Groceries                           62.64 USD

2023-11-27 * "Metro Transport Authority" "Tram tickets"
  Liabilities:US:Chase:Slate                      -120.00 USD
  Expenses:Transport:Tram                          120.00 USD

2023-11-28 * "Cafe Modagor" "Eating out with Julie"
  Liabilities:US:Chase:Slate                       -31.76 USD
  Expenses:Food:Restaurant                          31.76 USD

2023-12-02 * "Rose Flower" "Eating out after work"
  Liabilities:US:Chase:Slate                       -25.70 USD
  Expenses:Food:Restaurant                          25.70 USD

2023-12-04 * "Kin Soy" "Eating out with Joe"
  Liabilities:US:Chase:Slate                       -17.08 USD
  Expenses:Food:Restaurant                          17.08 USD

2023-12-07 * "Cafe Modagor" "Eating out with Julie"
  Liabilities:US:Chase:Slate                       -38.03 USD
  Expenses:Food:Restaurant                          38.03 USD

2023-12-08 * "Rose Flower" "Eating out with work buddies"
  Liabilities:US:Chase:Slate                       -44.37 USD
  Expenses:Food:Restaurant                          44.37 USD

2023-12-09 * "Chase:Slate" "Paying off credit card"
  Liabilities:US:Chase:Slate                       535.08 USD
  Assets:US:BofA:Checking                         -535.08 USD

2023-12-11 * "Rose Flower" "Eating out with Julie"
  Liabilities:US:Chase:Slate                       -42.81 USD
  Expenses:Food:Restaurant                          42.81 USD

2023-12-12 * "Cafe Modagor" "Eating out with work buddies"
  Liabilities:US:Chase:Slate                       -40.08 USD
  Expenses:Food:Restaurant                          40.08 USD

2023-12-13 * "Good Moods Market" "Buying groceries"
  Liabilities:US:Chase:Slate                      -100.55 USD
  Expenses:Food:Groceries                          100.55 USD

2023-12-14 * "Goba Goba" "Eating out with Natasha"
  Liabilities:US:Chase:Slate                       -17.70 USD
  Expenses:Food:Restaurant                          17.70 USD

2023-12-16 * "Cafe Modagor" "Eating out with Natasha"
  Liabilities:US:Chase:Slate                       -22.05 USD
  Expenses:Food:Restaurant                          22.05 USD

2023-12-17 balance Liabilities:US:Chase:Slate    -2725.17 USD

2023-12-21 * "Cafe Modagor" "Eating out "
  Liabilities:US:Chase:Slate                       -69.43 USD
  Expenses:Food:Restaurant                          69.43 USD

2023-12-23 * "Good Moods Market" "Buying groceries"
  Liabilities:US:Chase:Slate                       -62.44 USD
  Expenses:Food:Groceries                           62.44 USD

2023-12-25 * "Goba Goba" "Eating out "
  Liabilities:US:Chase:Slate                       -32.36 USD
  Expenses:Food:Restaurant                          32.36 USD

2023-12-27 * "Metro Transport Authority" "Tram tickets"
  Liabilities:US:Chase:Slate                      -120.00 USD
  Expenses:Transport:Tram                          120.00 USD

2023-12-29 * "Chichipotle" "Eating out "
  Liabilities:US:Chase:Slate                       -26.78 USD
  Expenses:Food:Restaurant                          26.78 USD

2024-01-01 * "Cafe Modagor" "Eating out with work buddies"
  Liabilities:US:Chase:Slate                       -30.04 USD
  Expenses:Food:Restaurant                          30.04 USD

2024-01-02 * "Jewel of Morroco" "Eating out after work"
  Liabilities:US:Chase:Slate                       -40.60 USD
  Expenses:Food:Restaurant                          40.60 USD

2024-01-04 * "Farmer Fresh" "Buying groceries"
  Liabilities:US:Chase:Slate                       -87.10 USD
  Expenses:Food:Groceries                           87.10 USD

2024-01-07 * "Rose Flower" "Eating out with work buddies"
  Liabilities:US:Chase:Slate                       -25.95 USD
  Expenses:Food:Restaurant                          25.95 USD

2024-01-10 balance Liabilities:US:Chase:Slate    -3219.87 USD

2024-01-10 * "Chase:Slate" "Paying off credit card"
  Liabilities:US:Chase:Slate                       716.14 USD
  Assets:US:BofA:Checking                         -716.14 USD

2024-01-12 * "Cafe Modagor" "Eating out after work"
  Liabilities:US:Chase:Slate                       -41.06 USD
  Expenses:Food:Restaurant                          41.06 USD

2024-01-14 * "Corner Deli" "Buying groceries"
  Liabilities:US:Chase:Slate                       -65.67 USD
  Expenses:Food:Groceries                           65.67 USD

2024-01-17 * "Uncle Boons" "Eating out "
  Liabilities:US:Chase:Slate                       -36.26 USD
  Expenses:Food:Restaurant                          36.26 USD

2024-01-19 * "Kin Soy" "Eating out with work buddies"
  Liabilities:US:Chase:Slate                       -39.76 USD
  Expenses:Food:Restaurant                          39.76 USD

2024-01-24 * "Goba Goba" "Eating out with Joe"
  Liabilities:US:Chase:Slate                       -14.00 USD
  Expenses:Food:Restaurant                          14.00 USD

2024-01-24 * "Metro Transport Authority" "Tram tickets"
  Liabilities:US:Chase:Slate                      -120.00 USD
  Expenses:Transport:Tram                          120.00 USD

2024-01-25 * "Jewel of Morroco" "Eating out alone"
  Liabilities:US:Chase:Slate                       -38.70 USD
  Expenses:Food:Restaurant                          38.70 USD

2024-01-26 * "Onion Market" "Buying groceries"
  Liabilities:US:Chase:Slate                       -57.87 USD
  Expenses:Food:Groceries                           57.87 USD

2024-01-29 * "Rose Flower" "Eating out after work"
  Liabilities:US:Chase:Slate                       -34.32 USD
  Expenses:Food:Restaurant                          34.32 USD

2024-01-30 * "Chichipotle" "Eating out alone"
  Liabilities:US:Chase:Slate                       -18.21 USD
  Expenses:Food:Restaurant                          18.21 USD

2024-02-04 balance Liabilities:US:Chase:Slate    -2969.58 USD

2024-02-04 * "Cafe Modagor" "Eating out after work"
  Liabilities:US:Chase:Slate                       -27.92 USD
  Expenses:Food:Restaurant                          27.92 USD

2024-02-08 * "Uncle Boons" "Eating out alone"
  Liabilities:US:Chase:Slate                       -27.91 USD
  Expenses:Food:Restaurant                          27.91 USD

2024-02-10 * "China Garden" "Eating out with Joe"
  Liabilities:US:Chase:Slate                       -53.47 USD
  Expenses:Food:Restaurant                          53.47 USD

2024-02-10 * "Chase:Slate" "Paying off credit card"
  Liabilities:US:Chase:Slate                       534.09 USD
  Assets:US:BofA:Checking                         -534.09 USD

2024-02-11 * "Farmer Fresh" "Buying groceries"
  Liabilities:US:Chase:Slate                       -63.15 USD
  Expenses:Food:Groceries                           63.15 USD

2024-02-13 * "Jewel of Morroco" "Eating out with Joe"
  Liabilities:US:Chase:Slate                       -35.49 USD
  Expenses:Food:Restaurant                          35.49 USD

2024-02-14 * "Jewel of Morroco" "Eating out with Natasha"
  Liabilities:US:Chase:Slate                       -29.27 USD
  Expenses:Food:Restaurant                          29.27 USD

2024-02-19 * "Rose Flower" "Eating out after work"
  Liabilities:US:Chase:Slate                       -26.48 USD
  Expenses:Food:Restaurant                          26.48 USD

2024-02-21 * "Metro Transport Authority" "Tram tickets"
  Liabilities:US:Chase:Slate                      -120.00 USD
  Expenses:Transport:Tram                          120.00 USD

2024-02-24 * "Uncle Boons" "Eating out with Bill"
  Liabilities:US:Chase:Slate                       -46.01 USD
  Expenses:Food:Restaurant                          46.01 USD

2024-02-27 balance Liabilities:US:Chase:Slate    -2865.19 USD

2024-02-27 * "Jewel of Morroco" "Eating out with Joe"
  Liabilities:US:Chase:Slate                       -16.78 USD
  Expenses:Food:Restaurant                          16.78 USD

2024-02-28 * "Onion Market" "Buying groceries"
  Liabilities:US:Chase:Slate                       -91.20 USD
  Expenses:Food:Groceries                           91.20 USD

2024-03-02 * "Cafe Modagor" "Eating out after work"
  Liabilities:US:Chase:Slate                       -22.17 USD
  Expenses:Food:Restaurant                          22.17 USD

2024-03-06 * "Uncle Boons" "Eating out with Julie"
  Liabilities:US:Chase:Slate                       -49.80 USD
  Expenses:Food:Restaurant                          49.80 USD

2024-03-07 * "Chichipotle" "Eating out "
  Liabilities:US:Chase:Slate                       -17.89 USD
  Expenses:Food:Restaurant                          17.89 USD

2024-03-09 * "Farmer Fresh" "Buying groceries"
  Liabilities:US:Chase:Slate                      -100.86 USD
  Expenses:Food:Groceries                          100.86 USD

2024-03-12 * "Jewel of Morroco" "Eating out alone"
  Liabilities:US:Chase:Slate                       -33.32 USD
  Expenses:Food:Restaurant                          33.32 USD

2024-03-14 * "Kin Soy" "Eating out alone"
  Liabilities:US:Chase:Slate                       -29.84 USD
  Expenses:Food:Restaurant                          29.84 USD

2024-03-16 * "China Garden" "Eating out with Bill"
  Liabilities:US:Chase:Slate                       -56.32 USD
  Expenses:Food:Restaurant                          56.32 USD

2024-03-17 * "Uncle Boons" "Eating out after work"
  Liabilities:US:Chase:Slate                       -32.46 USD
  Expenses:Food:Restaurant                          32.46 USD

2024-03-19 balance Liabilities:US:Chase:Slate    -3315.83 USD

2024-03-21 * "Jewel of Morroco" "Eating out alone"
  Liabilities:US:Chase:Slate                       -25.85 USD
  Expenses:Food:Restaurant                          25.85 USD

2024-03-24 * "Goba Goba" "Eating out alone"
  Liabilities:US:Chase:Slate                       -21.22 USD
  Expenses:Food:Restaurant                          21.22 USD

2024-03-24 * "Metro Transport Authority" "Tram tickets"
  Liabilities:US:Chase:Slate                      -120.00 USD
  Expenses:Transport:Tram                          120.00 USD



* Taxable Investments

2022-01-01 open Assets:US:ETrade:Cash                       USD
2022-01-01 open Assets:US:ETrade:ITOT                       ITOT
2022-01-01 open Assets:US:ETrade:VEA                       VEA
2022-01-01 open Assets:US:ETrade:VHT                       VHT
2022-01-01 open Assets:US:ETrade:GLD                       GLD
2022-01-01 open Income:US:ETrade:PnL                        USD
2022-01-01 open Income:US:ETrade:ITOT:Dividend              USD
2022-01-01 open Income:US:ETrade:VEA:Dividend              USD
2022-01-01 open Income:US:ETrade:VHT:Dividend              USD
2022-01-01 open Income:US:ETrade:GLD:Dividend              USD

2022-09-18 * "Buy shares of VHT"
  Assets:US:ETrade:Cash                          -1083.95 USD
  Assets:US:ETrade:VHT                                 20 VHT {53.75 USD, 2022-09-18}
  Expenses:Financial:Commissions                     8.95 USD

2022-09-18 * "Buy shares of VEA"
  Assets:US:ETrade:Cash                          -1070.67 USD
  Assets:US:ETrade:VEA                                 19 VEA {55.88 USD, 2022-09-18}
  Expenses:Financial:Commissions                     8.95 USD

2022-09-18 * "Buy shares of ITOT"
  Assets:US:ETrade:Cash                           -973.69 USD
  Assets:US:ETrade:ITOT                                 7 ITOT {137.82 USD, 2022-09-18}
  Expenses:Financial:Commissions                     8.95 USD

2022-09-18 * "Buy shares of GLD"
  Assets:US:ETrade:Cash                           -963.70 USD
  Assets:US:ETrade:GLD                                  5 GLD {190.95 USD, 2022-09-18}
  Expenses:Financial:Commissions                     8.95 USD

2022-09-18 * "Dividends on portfolio"
  Assets:US:ETrade:Cash                             16.22 USD
  Income:US:ETrade:GLD:Dividend                    -16.22 USD

2022-12-05 * "Buy shares of VHT"
  Assets:US:ETrade:Cash                          -4291.93 USD
  Assets:US:ETrade:VHT                                 78 VHT {54.91 USD, 2022-12-05}
  Expenses:Financial:Commissions                     8.95 USD

2022-12-17 * "Dividends on portfolio"
  Assets:US:ETrade:Cash                             33.36 USD
  Income:US:ETrade:VHT:Dividend                    -33.36 USD

2022-12-29 * "Sell shares of VHT"
  Assets:US:ETrade:VHT                                -78 VHT {54.91 USD, 2022-12-05} @ 51.91 USD
  Assets:US:ETrade:Cash                           4040.03 USD
  Expenses:Financial:Commissions                     8.95 USD
  Income:US:ETrade:PnL                             234.00 USD

2022-12-31 * "Buy shares of VEA"
  Assets:US:ETrade:Cash                          -1985.05 USD
  Assets:US:ETrade:VEA                                 35 VEA {56.46 USD, 2022-12-31}
  Expenses:Financial:Commissions                     8.95 USD

2022-12-31 * "Buy shares of GLD"
  Assets:US:ETrade:Cash                          -1961.65 USD
  Assets:US:ETrade:GLD                                 10 GLD {195.27 USD, 2022-12-31}
  Expenses:Financial:Commissions                     8.95 USD

2023-01-28 * "Sell shares of VHT"
  Assets:US:ETrade:VHT                                -20 VHT {53.75 USD, 2022-09-18} @ 48.74 USD
  Assets:US:ETrade:Cash                            965.85 USD
  Expenses:Financial:Commissions                     8.95 USD
  Income:US:ETrade:PnL                             100.20 USD

2023-02-27 * "Buy shares of ITOT"
  Assets:US:ETrade:Cash                           -146.54 USD
  Assets:US:ETrade:ITOT                                 1 ITOT {137.59 USD, 2023-02-27}
  Expenses:Financial:Commissions                     8.95 USD

2023-02-27 * "Buy shares of VHT"
  Assets:US:ETrade:Cash                           -207.19 USD
  Assets:US:ETrade:VHT                                  4 VHT {49.56 USD, 2023-02-27}
  Expenses:Financial:Commissions                     8.95 USD

2023-02-27 * "Buy shares of VEA"
  Assets:US:ETrade:Cash                           -175.12 USD
  Assets:US:ETrade:VEA                                  3 VEA {55.39 USD, 2023-02-27}
  Expenses:Financial:Commissions                     8.95 USD

2023-03-18 * "Dividends on portfolio"
  Assets:US:ETrade:Cash                             51.08 USD
  Income:US:ETrade:VEA:Dividend                    -51.08 USD

2023-06-18 * "Dividends on portfolio"
  Assets:US:ETrade:Cash                             51.08 USD
  Income:US:ETrade:GLD:Dividend                    -51.08 USD

2023-07-28 * "Sell shares of GLD"
  Assets:US:ETrade:GLD                                -10 GLD {195.27 USD, 2022-12-31} @ 191.03 USD
  Assets:US:ETrade:Cash                           1901.35 USD
  Expenses:Financial:Commissions                     8.95 USD
  Income:US:ETrade:PnL                              42.40 USD

2023-09-18 * "Dividends on portfolio"
  Assets:US:ETrade:Cash                             51.08 USD
  Income:US:ETrade:VEA:Dividend                    -51.08 USD

2023-09-23 * "Buy shares of GLD"
  Assets:US:ETrade:Cash                          -1171.63 USD
  Assets:US:ETrade:GLD                                  6 GLD {193.78 USD, 2023-09-23}
  Expenses:Financial:Commissions                     8.95 USD

2023-09-23 * "Buy shares of ITOT"
  Assets:US:ETrade:Cash                          -1170.39 USD
  Assets:US:ETrade:ITOT                                 8 ITOT {145.18 USD, 2023-09-23}
  Expenses:Financial:Commissions                     8.95 USD

2023-09-23 * "Buy shares of VEA"
  Assets:US:ETrade:Cash                          -1291.99 USD
  Assets:US:ETrade:VEA                                 22 VEA {58.32 USD, 2023-09-23}
  Expenses:Financial:Commissions                     8.95 USD

2023-09-23 * "Buy shares of VHT"
  Assets:US:ETrade:Cash                          -1277.68 USD
  Assets:US:ETrade:VHT                                 27 VHT {46.99 USD, 2023-09-23}
  Expenses:Financial:Commissions                     8.95 USD

2023-10-07 * "Sell shares of VHT"
  Assets:US:ETrade:VHT                                -27 VHT {46.99 USD, 2023-09-23} @ 45.03 USD
  Assets:US:ETrade:Cash                           1206.86 USD
  Expenses:Financial:Commissions                     8.95 USD
  Income:US:ETrade:PnL                              52.92 USD

2023-10-11 * "Buy shares of VEA"
  Assets:US:ETrade:Cash                          -1778.43 USD
  Assets:US:ETrade:VEA                                 31 VEA {57.08 USD, 2023-10-11}
  Expenses:Financial:Commissions                     8.95 USD

2023-11-02 * "Buy shares of GLD"
  Assets:US:ETrade:Cash                          -3815.22 USD
  Assets:US:ETrade:GLD                                 19 GLD {200.33 USD, 2023-11-02}
  Expenses:Financial:Commissions                     8.95 USD

2023-12-17 * "Dividends on portfolio"
  Assets:US:ETrade:Cash                             92.89 USD
  Income:US:ETrade:VHT:Dividend                    -92.89 USD

2023-12-19 * "Buy shares of VHT"
  Assets:US:ETrade:Cash                          -1399.61 USD
  Assets:US:ETrade:VHT                                 31 VHT {44.86 USD, 2023-12-19}
  Expenses:Financial:Commissions                     8.95 USD

2023-12-19 * "Buy shares of ITOT"
  Assets:US:ETrade:Cash                          -1289.38 USD
  Assets:US:ETrade:ITOT                                 9 ITOT {142.27 USD, 2023-12-19}
  Expenses:Financial:Commissions                     8.95 USD

2023-12-19 * "Buy shares of VEA"
  Assets:US:ETrade:Cash                          -1368.02 USD
  Assets:US:ETrade:VEA                                 23 VEA {59.09 USD, 2023-12-19}
  Expenses:Financial:Commissions                     8.95 USD

2024-03-16 * "Sell shares of GLD"
  Assets:US:ETrade:GLD                                -19 GLD {200.33 USD, 2023-11-02} @ 206.24 USD
  Assets:US:ETrade:Cash                           3909.61 USD
  Expenses:Financial:Commissions                     8.95 USD
  Income:US:ETrade:PnL                            -112.29 USD

2024-03-17 * "Dividends on portfolio"
  Assets:US:ETrade:Cash                            109.01 USD
  Income:US:ETrade:GLD:Dividend                   -109.01 USD



* Vanguard Investments

2022-01-01 open Assets:US:Vanguard:VBMPX                     VBMPX
  number: "882882"
2022-01-01 open Assets:US:Vanguard:RGAGX                     RGAGX
  number: "882882"
2022-01-01 open Assets:US:Vanguard                            USD
  institution: "Vanguard Group"
  address: "P.O. Box 1110, Valley Forge, PA 19482-1110"
  phone: "+1.800.523.1188"
2022-01-01 open Income:US:BayBook:Match401k                   USD
2022-01-01 open Assets:US:Vanguard:Cash                       USD
  number: "882882"

2022-01-07 * "Employer match for contribution"
  Assets:US:Vanguard:Cash                          600.00 USD
  Income:US:BayBook:Match401k                     -600.00 USD

2022-01-10 * "Investing 40% of cash in VBMPX"
  Assets:US:Vanguard:VBMPX                          2.689 VBMPX {178.52 USD, 2022-01-10}
  Assets:US:Vanguard:Cash                         -480.04 USD

2022-01-10 * "Investing 60% of cash in RGAGX"
  Assets:US:Vanguard:RGAGX                          7.597 RGAGX {94.78 USD, 2022-01-10}
  Assets:US:Vanguard:Cash                         -720.04 USD

2022-01-10 * "Investing 40% of cash in VBMPX"
  Assets:US:Vanguard:VBMPX                          1.344 VBMPX {178.52 USD, 2022-01-10}
  Assets:US:Vanguard:Cash                         -239.93 USD

2022-01-10 * "Investing 60% of cash in RGAGX"
  Assets:US:Vanguard:RGAGX                          3.798 RGAGX {94.78 USD, 2022-01-10}
  Assets:US:Vanguard:Cash                         -359.97 USD

2022-01-21 * "Employer match for contribution"
  Assets:US:Vanguard:Cash                          600.00 USD
  Income:US:BayBook:Match401k                     -600.00 USD

2022-01-24 * "Investing 40% of cash in VBMPX"
  Assets:US:Vanguard:VBMPX                          2.606 VBMPX {184.19 USD, 2022-01-24}
  Assets:US:Vanguard:Cash                         -480.00 USD

2022-01-24 * "Investing 60% of cash in RGAGX"
  Assets:US:Vanguard:RGAGX                          7.539 RGAGX {95.50 USD, 2022-01-24}
  Assets:US:Vanguard:Cash                         -719.97 USD

2022-01-24 * "Investing 40% of cash in VBMPX"
  Assets:US:Vanguard:VBMPX                          1.303 VBMPX {184.19 USD, 2022-01-24}
  Assets:US:Vanguard:Cash                         -240.00 USD

2022-01-24 * "Investing 60% of cash in RGAGX"
  Assets:US:Vanguard:RGAGX                          3.770 RGAGX {95.50 USD, 2022-01-24}
  Assets:US:Vanguard:Cash                         -360.04 USD

2022-02-04 * "Employer match for contribution"
  Assets:US:Vanguard:Cash                          600.00 USD
  Income:US:BayBook:Match401k                     -600.00 USD

2022-02-07 * "Investing 40% of cash in VBMPX"
  Assets:US:Vanguard:VBMPX                          2.608 VBMPX {184.02 USD, 2022-02-07}
  Assets:US:Vanguard:Cash                         -479.92 USD

2022-02-07 * "Investing 60% of cash in RGAGX"
  Assets:US:Vanguard:RGAGX                          7.484 RGAGX {96.20 USD, 2022-02-07}
  Assets:US:Vanguard:Cash                         -719.96 USD

2022-02-07 * "Investing 40% of cash in VBMPX"
  Assets:US:Vanguard:VBMPX                          1.304 VBMPX {184.02 USD, 2022-02-07}
  Assets:US:Vanguard:Cash                         -239.96 USD

2022-02-07 * "Investing 60% of cash in RGAGX"
  Assets:US:Vanguard:RGAGX                          3.743 RGAGX {96.20 USD, 2022-02-07}
  Assets:US:Vanguard:Cash                         -360.08 USD

2022-02-18 * "Employer match for contribution"
  Assets:US:Vanguard:Cash                          600.00 USD
  Income:US:BayBook:Match401k                     -600.00 USD

2022-02-21 * "Investing 40% of cash in VBMPX"
  Assets:US:Vanguard:VBMPX                          2.658 VBMPX {180.62 USD, 2022-02-21}
  Assets:US:Vanguard:Cash                         -480.09 USD

2022-02-21 * "Investing 60% of cash in RGAGX"
  Assets:US:Vanguard:RGAGX                          7.615 RGAGX {94.56 USD, 2022-02-21}
  Assets:US:Vanguard:Cash                         -720.07 USD

2022-02-21 * "Investing 40% of cash in VBMPX"
  Assets:US:Vanguard:VBMPX                          1.329 VBMPX {180.62 USD, 2022-02-21}
  Assets:US:Vanguard:Cash                         -240.04 USD

2022-02-21 * "Investing 60% of cash in RGAGX"
  Assets:US:Vanguard:RGAGX                          3.807 RGAGX {94.56 USD, 2022-02-21}
  Assets:US:Vanguard:Cash                         -359.99 USD

2022-03-04 * "Employer match for contribution"
  Assets:US:Vanguard:Cash                          600.00 USD
  Income:US:BayBook:Match401k                     -600.00 USD

2022-03-07 * "Investing 40% of cash in VBMPX"
  Assets:US:Vanguard:VBMPX                          2.719 VBMPX {176.55 USD, 2022-03-07}
  Assets:US:Vanguard:Cash                         -480.04 USD

2022-03-07 * "Investing 60% of cash in RGAGX"
  Assets:US:Vanguard:RGAGX                          7.674 RGAGX {93.81 USD, 2022-03-07}
  Assets:US:Vanguard:Cash                         -719.90 USD

2022-03-07 * "Investing 40% of cash in VBMPX"
  Assets:US:Vanguard:VBMPX                          1.359 VBMPX {176.55 USD, 2022-03-07}
  Assets:US:Vanguard:Cash                         -239.93 USD

2022-03-07 * "Investing 60% of cash in RGAGX"
  Assets:US:Vanguard:RGAGX                          3.837 RGAGX {93.81 USD, 2022-03-07}
  Assets:US:Vanguard:Cash                         -359.95 USD

2022-03-18 * "Employer match for contribution"
  Assets:US:Vanguard:Cash                          600.00 USD
  Income:US:BayBook:Match401k                     -600.00 USD

2022-03-21 * "Investing 40% of cash in VBMPX"
  Assets:US:Vanguard:VBMPX                          2.684 VBMPX {178.88 USD, 2022-03-21}
  Assets:US:Vanguard:Cash                         -480.11 USD

2022-03-21 * "Investing 60% of cash in RGAGX"
  Assets:US:Vanguard:RGAGX                          7.436 RGAGX {96.83 USD, 2022-03-21}
  Assets:US:Vanguard:Cash                         -720.03 USD

2022-03-21 * "Investing 40% of cash in VBMPX"
  Assets:US:Vanguard:VBMPX                          1.342 VBMPX {178.88 USD, 2022-03-21}
  Assets:US:Vanguard:Cash                         -240.06 USD

2022-03-21 * "Investing 60% of cash in RGAGX"
  Assets:US:Vanguard:RGAGX                          3.717 RGAGX {96.83 USD, 2022-03-21}
  Assets:US:Vanguard:Cash                         -359.92 USD

2022-04-01 * "Employer match for contribution"
  Assets:US:Vanguard:Cash                          600.00 USD
  Income:US:BayBook:Match401k                     -600.00 USD

2022-04-04 * "Investing 40% of cash in VBMPX"
  Assets:US:Vanguard:VBMPX                          2.673 VBMPX {179.55 USD, 2022-04-04}
  Assets:US:Vanguard:Cash                         -479.94 USD

2022-04-04 * "Investing 60% of cash in RGAGX"
  Assets:US:Vanguard:RGAGX                          7.596 RGAGX {94.78 USD, 2022-04-04}
  Assets:US:Vanguard:Cash                         -719.95 USD

2022-04-04 * "Investing 40% of cash in VBMPX"
  Assets:US:Vanguard:VBMPX                          1.337 VBMPX {179.55 USD, 2022-04-04}
  Assets:US:Vanguard:Cash                         -240.06 USD

2022-04-04 * "Investing 60% of cash in RGAGX"
  Assets:US:Vanguard:RGAGX                          3.799 RGAGX {94.78 USD, 2022-04-04}
  Assets:US:Vanguard:Cash                         -360.07 USD

2022-04-15 * "Employer match for contribution"
  Assets:US:Vanguard:Cash                          600.00 USD
  Income:US:BayBook:Match401k                     -600.00 USD

2022-04-18 * "Investing 40% of cash in VBMPX"
  Assets:US:Vanguard:VBMPX                          2.669 VBMPX {179.83 USD, 2022-04-18}
  Assets:US:Vanguard:Cash                         -479.97 USD

2022-04-18 * "Investing 60% of cash in RGAGX"
  Assets:US:Vanguard:RGAGX                          7.680 RGAGX {93.75 USD, 2022-04-18}
  Assets:US:Vanguard:Cash                         -720.00 USD

2022-04-18 * "Investing 40% of cash in VBMPX"
  Assets:US:Vanguard:VBMPX                          1.335 VBMPX {179.83 USD, 2022-04-18}
  Assets:US:Vanguard:Cash                         -240.07 USD

2022-04-18 * "Investing 60% of cash in RGAGX"
  Assets:US:Vanguard:RGAGX                          3.840 RGAGX {93.75 USD, 2022-04-18}
  Assets:US:Vanguard:Cash                         -360.00 USD

2022-04-29 * "Employer match for contribution"
  Assets:US:Vanguard:Cash                          600.00 USD
  Income:US:BayBook:Match401k                     -600.00 USD

2022-05-02 * "Investing 40% of cash in VBMPX"
  Assets:US:Vanguard:VBMPX                          2.613 VBMPX {183.65 USD, 2022-05-02}
  Assets:US:Vanguard:Cash                         -479.88 USD

2022-05-02 * "Investing 60% of cash in RGAGX"
  Assets:US:Vanguard:RGAGX                          7.885 RGAGX {91.30 USD, 2022-05-02}
  Assets:US:Vanguard:Cash                         -719.90 USD

2022-05-02 * "Investing 40% of cash in VBMPX"
  Assets:US:Vanguard:VBMPX                          1.307 VBMPX {183.65 USD, 2022-05-02}
  Assets:US:Vanguard:Cash                         -240.03 USD

2022-05-02 * "Investing 60% of cash in RGAGX"
  Assets:US:Vanguard:RGAGX                          3.944 RGAGX {91.30 USD, 2022-05-02}
  Assets:US:Vanguard:Cash                         -360.09 USD

2022-05-13 * "Employer match for contribution"
  Assets:US:Vanguard:Cash                          600.00 USD
  Income:US:BayBook:Match401k                     -600.00 USD

2022-05-16 * "Investing 40% of cash in VBMPX"
  Assets:US:Vanguard:VBMPX                          2.739 VBMPX {175.25 USD, 2022-05-16}
  Assets:US:Vanguard:Cash                         -480.01 USD

2022-05-16 * "Investing 60% of cash in RGAGX"
  Assets:US:Vanguard:RGAGX                          7.815 RGAGX {92.13 USD, 2022-05-16}
  Assets:US:Vanguard:Cash                         -720.00 USD

2022-05-16 * "Investing 40% of cash in VBMPX"
  Assets:US:Vanguard:VBMPX                          1.369 VBMPX {175.25 USD, 2022-05-16}
  Assets:US:Vanguard:Cash                         -239.92 USD

2022-05-16 * "Investing 60% of cash in RGAGX"
  Assets:US:Vanguard:RGAGX                          3.907 RGAGX {92.13 USD, 2022-05-16}
  Assets:US:Vanguard:Cash                         -359.95 USD

2022-05-27 * "Employer match for contribution"
  Assets:US:Vanguard:Cash                          600.00 USD
  Income:US:BayBook:Match401k                     -600.00 USD

2022-05-30 * "Investing 40% of cash in VBMPX"
  Assets:US:Vanguard:VBMPX                          2.708 VBMPX {177.26 USD, 2022-05-30}
  Assets:US:Vanguard:Cash                         -480.02 USD

2022-05-30 * "Investing 60% of cash in RGAGX"
  Assets:US:Vanguard:RGAGX                          7.568 RGAGX {95.15 USD, 2022-05-30}
  Assets:US:Vanguard:Cash                         -720.10 USD

2022-05-30 * "Investing 40% of cash in VBMPX"
  Assets:US:Vanguard:VBMPX                          1.354 VBMPX {177.26 USD, 2022-05-30}
  Assets:US:Vanguard:Cash                         -240.01 USD

2022-05-30 * "Investing 60% of cash in RGAGX"
  Assets:US:Vanguard:RGAGX                          3.783 RGAGX {95.15 USD, 2022-05-30}
  Assets:US:Vanguard:Cash                         -359.95 USD

2022-06-10 * "Employer match for contribution"
  Assets:US:Vanguard:Cash                          600.00 USD
  Income:US:BayBook:Match401k                     -600.00 USD

2022-06-13 * "Investing 40% of cash in VBMPX"
  Assets:US:Vanguard:VBMPX                          2.708 VBMPX {177.26 USD, 2022-06-13}
  Assets:US:Vanguard:Cash                         -480.02 USD

2022-06-13 * "Investing 60% of cash in RGAGX"
  Assets:US:Vanguard:RGAGX                          7.507 RGAGX {95.91 USD, 2022-06-13}
  Assets:US:Vanguard:Cash                         -720.00 USD

2022-06-13 * "Investing 40% of cash in VBMPX"
  Assets:US:Vanguard:VBMPX                          1.354 VBMPX {177.26 USD, 2022-06-13}
  Assets:US:Vanguard:Cash                         -240.01 USD

2022-06-13 * "Investing 60% of cash in RGAGX"
  Assets:US:Vanguard:RGAGX                          3.754 RGAGX {95.91 USD, 2022-06-13}
  Assets:US:Vanguard:Cash                         -360.05 USD

2022-06-24 * "Employer match for contribution"
  Assets:US:Vanguard:Cash                          600.00 USD
  Income:US:BayBook:Match401k                     -600.00 USD

2022-06-27 * "Investing 40% of cash in VBMPX"
  Assets:US:Vanguard:VBMPX                          2.732 VBMPX {175.66 USD, 2022-06-27}
  Assets:US:Vanguard:Cash                         -479.90 USD

2022-06-27 * "Investing 60% of cash in RGAGX"
  Assets:US:Vanguard:RGAGX                          7.404 RGAGX {97.24 USD, 2022-06-27}
  Assets:US:Vanguard:Cash                         -719.96 USD

2022-06-27 * "Investing 40% of cash in VBMPX"
  Assets:US:Vanguard:VBMPX                          1.367 VBMPX {175.66 USD, 2022-06-27}
  Assets:US:Vanguard:Cash                         -240.13 USD

2022-06-27 * "Investing 60% of cash in RGAGX"
  Assets:US:Vanguard:RGAGX                          3.703 RGAGX {97.24 USD, 2022-06-27}
  Assets:US:Vanguard:Cash                         -360.08 USD

2022-07-08 * "Employer match for contribution"
  Assets:US:Vanguard:Cash                          600.00 USD
  Income:US:BayBook:Match401k                     -600.00 USD

2022-07-11 * "Investing 40% of cash in VBMPX"
  Assets:US:Vanguard:VBMPX                          2.655 VBMPX {180.77 USD, 2022-07-11}
  Assets:US:Vanguard:Cash                         -479.94 USD

2022-07-11 * "Investing 60% of cash in RGAGX"
  Assets:US:Vanguard:RGAGX                          7.379 RGAGX {97.56 USD, 2022-07-11}
  Assets:US:Vanguard:Cash                         -719.90 USD

2022-07-11 * "Investing 40% of cash in VBMPX"
  Assets:US:Vanguard:VBMPX                          1.328 VBMPX {180.77 USD, 2022-07-11}
  Assets:US:Vanguard:Cash                         -240.06 USD

2022-07-11 * "Investing 60% of cash in RGAGX"
  Assets:US:Vanguard:RGAGX                          3.690 RGAGX {97.56 USD, 2022-07-11}
  Assets:US:Vanguard:Cash                         -360.00 USD

2022-07-22 * "Employer match for contribution"
  Assets:US:Vanguard:Cash                          600.00 USD
  Income:US:BayBook:Match401k                     -600.00 USD

2022-07-25 * "Investing 40% of cash in VBMPX"
  Assets:US:Vanguard:VBMPX                          2.675 VBMPX {179.45 USD, 2022-07-25}
  Assets:US:Vanguard:Cash                         -480.03 USD

2022-07-25 * "Investing 60% of cash in RGAGX"
  Assets:US:Vanguard:RGAGX                          7.189 RGAGX {100.15 USD, 2022-07-25}
  Assets:US:Vanguard:Cash                         -719.98 USD

2022-07-25 * "Investing 40% of cash in VBMPX"
  Assets:US:Vanguard:VBMPX                          1.337 VBMPX {179.45 USD, 2022-07-25}
  Assets:US:Vanguard:Cash                         -239.92 USD

2022-07-25 * "Investing 60% of cash in RGAGX"
  Assets:US:Vanguard:RGAGX                          3.594 RGAGX {100.15 USD, 2022-07-25}
  Assets:US:Vanguard:Cash                         -359.94 USD

2022-08-05 * "Employer match for contribution"
  Assets:US:Vanguard:Cash                          250.00 USD
  Income:US:BayBook:Match401k                     -250.00 USD

2022-08-08 * "Investing 40% of cash in VBMPX"
  Assets:US:Vanguard:VBMPX                          1.082 VBMPX {184.88 USD, 2022-08-08}
  Assets:US:Vanguard:Cash                         -200.04 USD

2022-08-08 * "Investing 60% of cash in RGAGX"
  Assets:US:Vanguard:RGAGX                          2.981 RGAGX {100.65 USD, 2022-08-08}
  Assets:US:Vanguard:Cash                         -300.04 USD

2022-08-08 * "Investing 40% of cash in VBMPX"
  Assets:US:Vanguard:VBMPX                          0.541 VBMPX {184.88 USD, 2022-08-08}
  Assets:US:Vanguard:Cash                         -100.02 USD

2022-08-08 * "Investing 60% of cash in RGAGX"
  Assets:US:Vanguard:RGAGX                          1.491 RGAGX {100.65 USD, 2022-08-08}
  Assets:US:Vanguard:Cash                         -150.07 USD

2023-01-06 * "Employer match for contribution"
  Assets:US:Vanguard:Cash                          600.00 USD
  Income:US:BayBook:Match401k                     -600.00 USD

2023-01-09 * "Investing 40% of cash in VBMPX"
  Assets:US:Vanguard:VBMPX                          2.419 VBMPX {198.40 USD, 2023-01-09}
  Assets:US:Vanguard:Cash                         -479.93 USD

2023-01-09 * "Investing 60% of cash in RGAGX"
  Assets:US:Vanguard:RGAGX                          6.208 RGAGX {115.98 USD, 2023-01-09}
  Assets:US:Vanguard:Cash                         -720.00 USD

2023-01-09 * "Investing 40% of cash in VBMPX"
  Assets:US:Vanguard:VBMPX                          1.210 VBMPX {198.40 USD, 2023-01-09}
  Assets:US:Vanguard:Cash                         -240.06 USD

2023-01-09 * "Investing 60% of cash in RGAGX"
  Assets:US:Vanguard:RGAGX                          3.104 RGAGX {115.98 USD, 2023-01-09}
  Assets:US:Vanguard:Cash                         -360.00 USD

2023-01-20 * "Employer match for contribution"
  Assets:US:Vanguard:Cash                          600.00 USD
  Income:US:BayBook:Match401k                     -600.00 USD

2023-01-23 * "Investing 40% of cash in VBMPX"
  Assets:US:Vanguard:VBMPX                          2.395 VBMPX {200.40 USD, 2023-01-23}
  Assets:US:Vanguard:Cash                         -479.96 USD

2023-01-23 * "Investing 60% of cash in RGAGX"
  Assets:US:Vanguard:RGAGX                          6.317 RGAGX {113.97 USD, 2023-01-23}
  Assets:US:Vanguard:Cash                         -719.95 USD

2023-01-23 * "Investing 40% of cash in VBMPX"
  Assets:US:Vanguard:VBMPX                          1.198 VBMPX {200.40 USD, 2023-01-23}
  Assets:US:Vanguard:Cash                         -240.08 USD

2023-01-23 * "Investing 60% of cash in RGAGX"
  Assets:US:Vanguard:RGAGX                          3.159 RGAGX {113.97 USD, 2023-01-23}
  Assets:US:Vanguard:Cash                         -360.03 USD

2023-02-03 * "Employer match for contribution"
  Assets:US:Vanguard:Cash                          600.00 USD
  Income:US:BayBook:Match401k                     -600.00 USD

2023-02-06 * "Investing 40% of cash in VBMPX"
  Assets:US:Vanguard:VBMPX                          2.348 VBMPX {204.39 USD, 2023-02-06}
  Assets:US:Vanguard:Cash                         -479.91 USD

2023-02-06 * "Investing 60% of cash in RGAGX"
  Assets:US:Vanguard:RGAGX                          6.169 RGAGX {116.70 USD, 2023-02-06}
  Assets:US:Vanguard:Cash                         -719.92 USD

2023-02-06 * "Investing 40% of cash in VBMPX"
  Assets:US:Vanguard:VBMPX                          1.174 VBMPX {204.39 USD, 2023-02-06}
  Assets:US:Vanguard:Cash                         -239.95 USD

2023-02-06 * "Investing 60% of cash in RGAGX"
  Assets:US:Vanguard:RGAGX                          3.085 RGAGX {116.70 USD, 2023-02-06}
  Assets:US:Vanguard:Cash                         -360.02 USD

2023-02-17 * "Employer match for contribution"
  Assets:US:Vanguard:Cash                          600.00 USD
  Income:US:BayBook:Match401k                     -600.00 USD

2023-02-20 * "Investing 40% of cash in VBMPX"
  Assets:US:Vanguard:VBMPX                          2.397 VBMPX {200.31 USD, 2023-02-20}
  Assets:US:Vanguard:Cash                         -480.14 USD

2023-02-20 * "Investing 60% of cash in RGAGX"
  Assets:US:Vanguard:RGAGX                          6.214 RGAGX {115.89 USD, 2023-02-20}
  Assets:US:Vanguard:Cash                         -720.14 USD

2023-02-20 * "Investing 40% of cash in VBMPX"
  Assets:US:Vanguard:VBMPX                          1.198 VBMPX {200.31 USD, 2023-02-20}
  Assets:US:Vanguard:Cash                         -239.97 USD

2023-02-20 * "Investing 60% of cash in RGAGX"
  Assets:US:Vanguard:RGAGX                          3.106 RGAGX {115.89 USD, 2023-02-20}
  Assets:US:Vanguard:Cash                         -359.95 USD

2023-03-03 * "Employer match for contribution"
  Assets:US:Vanguard:Cash                          600.00 USD
  Income:US:BayBook:Match401k                     -600.00 USD

2023-03-06 * "Investing 40% of cash in VBMPX"
  Assets:US:Vanguard:VBMPX                          2.384 VBMPX {201.34 USD, 2023-03-06}
  Assets:US:Vanguard:Cash                         -479.99 USD

2023-03-06 * "Investing 60% of cash in RGAGX"
  Assets:US:Vanguard:RGAGX                          6.076 RGAGX {118.49 USD, 2023-03-06}
  Assets:US:Vanguard:Cash                         -719.95 USD

2023-03-06 * "Investing 40% of cash in VBMPX"
  Assets:US:Vanguard:VBMPX                          1.192 VBMPX {201.34 USD, 2023-03-06}
  Assets:US:Vanguard:Cash                         -240.00 USD

2023-03-06 * "Investing 60% of cash in RGAGX"
  Assets:US:Vanguard:RGAGX                          3.038 RGAGX {118.49 USD, 2023-03-06}
  Assets:US:Vanguard:Cash                         -359.97 USD

2023-03-17 * "Employer match for contribution"
  Assets:US:Vanguard:Cash                          600.00 USD
  Income:US:BayBook:Match401k                     -600.00 USD

2023-03-20 * "Investing 40% of cash in VBMPX"
  Assets:US:Vanguard:VBMPX                          2.421 VBMPX {198.27 USD, 2023-03-20}
  Assets:US:Vanguard:Cash                         -480.01 USD

2023-03-20 * "Investing 60% of cash in RGAGX"
  Assets:US:Vanguard:RGAGX                          6.141 RGAGX {117.24 USD, 2023-03-20}
  Assets:US:Vanguard:Cash                         -719.97 USD

2023-03-20 * "Investing 40% of cash in VBMPX"
  Assets:US:Vanguard:VBMPX                          1.211 VBMPX {198.27 USD, 2023-03-20}
  Assets:US:Vanguard:Cash                         -240.10 USD

2023-03-20 * "Investing 60% of cash in RGAGX"
  Assets:US:Vanguard:RGAGX                          3.071 RGAGX {117.24 USD, 2023-03-20}
  Assets:US:Vanguard:Cash                         -360.04 USD

2023-03-31 * "Employer match for contribution"
  Assets:US:Vanguard:Cash                          600.00 USD
  Income:US:BayBook:Match401k                     -600.00 USD

2023-04-03 * "Investing 40% of cash in VBMPX"
  Assets:US:Vanguard:VBMPX                          2.486 VBMPX {193.07 USD, 2023-04-03}
  Assets:US:Vanguard:Cash                         -479.97 USD

2023-04-03 * "Investing 60% of cash in RGAGX"
  Assets:US:Vanguard:RGAGX                          6.221 RGAGX {115.73 USD, 2023-04-03}
  Assets:US:Vanguard:Cash                         -719.96 USD

2023-04-03 * "Investing 40% of cash in VBMPX"
  Assets:US:Vanguard:VBMPX                          1.243 VBMPX {193.07 USD, 2023-04-03}
  Assets:US:Vanguard:Cash                         -239.99 USD

2023-04-03 * "Investing 60% of cash in RGAGX"
  Assets:US:Vanguard:RGAGX                          3.111 RGAGX {115.73 USD, 2023-04-03}
  Assets:US:Vanguard:Cash                         -360.04 USD

2023-04-14 * "Employer match for contribution"
  Assets:US:Vanguard:Cash                          600.00 USD
  Income:US:BayBook:Match401k                     -600.00 USD

2023-04-17 * "Investing 40% of cash in VBMPX"
  Assets:US:Vanguard:VBMPX                          2.515 VBMPX {190.82 USD, 2023-04-17}
  Assets:US:Vanguard:Cash                         -479.91 USD

2023-04-17 * "Investing 60% of cash in RGAGX"
  Assets:US:Vanguard:RGAGX                          6.238 RGAGX {115.41 USD, 2023-04-17}
  Assets:US:Vanguard:Cash                         -719.93 USD

2023-04-17 * "Investing 40% of cash in VBMPX"
  Assets:US:Vanguard:VBMPX                          1.258 VBMPX {190.82 USD, 2023-04-17}
  Assets:US:Vanguard:Cash                         -240.05 USD

2023-04-17 * "Investing 60% of cash in RGAGX"
  Assets:US:Vanguard:RGAGX                          3.120 RGAGX {115.41 USD, 2023-04-17}
  Assets:US:Vanguard:Cash                         -360.08 USD

2023-04-28 * "Employer match for contribution"
  Assets:US:Vanguard:Cash                          600.00 USD
  Income:US:BayBook:Match401k                     -600.00 USD

2023-05-01 * "Investing 40% of cash in VBMPX"
  Assets:US:Vanguard:VBMPX                          2.525 VBMPX {190.13 USD, 2023-05-01}
  Assets:US:Vanguard:Cash                         -480.08 USD

2023-05-01 * "Investing 60% of cash in RGAGX"
  Assets:US:Vanguard:RGAGX                          6.069 RGAGX {118.63 USD, 2023-05-01}
  Assets:US:Vanguard:Cash                         -719.97 USD

2023-05-01 * "Investing 40% of cash in VBMPX"
  Assets:US:Vanguard:VBMPX                          1.262 VBMPX {190.13 USD, 2023-05-01}
  Assets:US:Vanguard:Cash                         -239.94 USD

2023-05-01 * "Investing 60% of cash in RGAGX"
  Assets:US:Vanguard:RGAGX                          3.034 RGAGX {118.63 USD, 2023-05-01}
  Assets:US:Vanguard:Cash                         -359.92 USD

2023-05-12 * "Employer match for contribution"
  Assets:US:Vanguard:Cash                          600.00 USD
  Income:US:BayBook:Match401k                     -600.00 USD

2023-05-15 * "Investing 40% of cash in VBMPX"
  Assets:US:Vanguard:VBMPX                          2.530 VBMPX {189.76 USD, 2023-05-15}
  Assets:US:Vanguard:Cash                         -480.09 USD

2023-05-15 * "Investing 60% of cash in RGAGX"
  Assets:US:Vanguard:RGAGX                          5.946 RGAGX {121.09 USD, 2023-05-15}
  Assets:US:Vanguard:Cash                         -720.00 USD

2023-05-15 * "Investing 40% of cash in VBMPX"
  Assets:US:Vanguard:VBMPX                          1.265 VBMPX {189.76 USD, 2023-05-15}
  Assets:US:Vanguard:Cash                         -240.05 USD

2023-05-15 * "Investing 60% of cash in RGAGX"
  Assets:US:Vanguard:RGAGX                          2.973 RGAGX {121.09 USD, 2023-05-15}
  Assets:US:Vanguard:Cash                         -360.00 USD

2023-05-26 * "Employer match for contribution"
  Assets:US:Vanguard:Cash                          600.00 USD
  Income:US:BayBook:Match401k                     -600.00 USD

2023-05-29 * "Investing 40% of cash in VBMPX"
  Assets:US:Vanguard:VBMPX                          2.521 VBMPX {190.39 USD, 2023-05-29}
  Assets:US:Vanguard:Cash                         -479.97 USD

2023-05-29 * "Investing 60% of cash in RGAGX"
  Assets:US:Vanguard:RGAGX                          5.831 RGAGX {123.48 USD, 2023-05-29}
  Assets:US:Vanguard:Cash                         -720.01 USD

2023-05-29 * "Investing 40% of cash in VBMPX"
  Assets:US:Vanguard:VBMPX                          1.260 VBMPX {190.39 USD, 2023-05-29}
  Assets:US:Vanguard:Cash                         -239.89 USD

2023-05-29 * "Investing 60% of cash in RGAGX"
  Assets:US:Vanguard:RGAGX                          2.915 RGAGX {123.48 USD, 2023-05-29}
  Assets:US:Vanguard:Cash                         -359.94 USD

2023-06-09 * "Employer match for contribution"
  Assets:US:Vanguard:Cash                          600.00 USD
  Income:US:BayBook:Match401k                     -600.00 USD

2023-06-12 * "Investing 40% of cash in VBMPX"
  Assets:US:Vanguard:VBMPX                          2.525 VBMPX {190.11 USD, 2023-06-12}
  Assets:US:Vanguard:Cash                         -480.03 USD

2023-06-12 * "Investing 60% of cash in RGAGX"
  Assets:US:Vanguard:RGAGX                          5.691 RGAGX {126.53 USD, 2023-06-12}
  Assets:US:Vanguard:Cash                         -720.08 USD

2023-06-12 * "Investing 40% of cash in VBMPX"
  Assets:US:Vanguard:VBMPX                          1.262 VBMPX {190.11 USD, 2023-06-12}
  Assets:US:Vanguard:Cash                         -239.92 USD

2023-06-12 * "Investing 60% of cash in RGAGX"
  Assets:US:Vanguard:RGAGX                          2.845 RGAGX {126.53 USD, 2023-06-12}
  Assets:US:Vanguard:Cash                         -359.98 USD

2023-06-23 * "Employer match for contribution"
  Assets:US:Vanguard:Cash                          600.00 USD
  Income:US:BayBook:Match401k                     -600.00 USD

2023-06-26 * "Investing 40% of cash in VBMPX"
  Assets:US:Vanguard:VBMPX                          2.650 VBMPX {181.18 USD, 2023-06-26}
  Assets:US:Vanguard:Cash                         -480.13 USD

2023-06-26 * "Investing 60% of cash in RGAGX"
  Assets:US:Vanguard:RGAGX                          5.650 RGAGX {127.44 USD, 2023-06-26}
  Assets:US:Vanguard:Cash                         -720.04 USD

2023-06-26 * "Investing 40% of cash in VBMPX"
  Assets:US:Vanguard:VBMPX                          1.325 VBMPX {181.18 USD, 2023-06-26}
  Assets:US:Vanguard:Cash                         -240.06 USD

2023-06-26 * "Investing 60% of cash in RGAGX"
  Assets:US:Vanguard:RGAGX                          2.825 RGAGX {127.44 USD, 2023-06-26}
  Assets:US:Vanguard:Cash                         -360.02 USD

2023-07-07 * "Employer match for contribution"
  Assets:US:Vanguard:Cash                          600.00 USD
  Income:US:BayBook:Match401k                     -600.00 USD

2023-07-10 * "Investing 40% of cash in VBMPX"
  Assets:US:Vanguard:VBMPX                          2.611 VBMPX {183.85 USD, 2023-07-10}
  Assets:US:Vanguard:Cash                         -480.03 USD

2023-07-10 * "Investing 60% of cash in RGAGX"
  Assets:US:Vanguard:RGAGX                          5.876 RGAGX {122.52 USD, 2023-07-10}
  Assets:US:Vanguard:Cash                         -719.93 USD

2023-07-10 * "Investing 40% of cash in VBMPX"
  Assets:US:Vanguard:VBMPX                          1.305 VBMPX {183.85 USD, 2023-07-10}
  Assets:US:Vanguard:Cash                         -239.92 USD

2023-07-10 * "Investing 60% of cash in RGAGX"
  Assets:US:Vanguard:RGAGX                          2.938 RGAGX {122.52 USD, 2023-07-10}
  Assets:US:Vanguard:Cash                         -359.96 USD

2023-07-21 * "Employer match for contribution"
  Assets:US:Vanguard:Cash                          600.00 USD
  Income:US:BayBook:Match401k                     -600.00 USD

2023-07-24 * "Investing 40% of cash in VBMPX"
  Assets:US:Vanguard:VBMPX                          2.606 VBMPX {184.21 USD, 2023-07-24}
  Assets:US:Vanguard:Cash                         -480.05 USD

2023-07-24 * "Investing 60% of cash in RGAGX"
  Assets:US:Vanguard:RGAGX                          5.664 RGAGX {127.11 USD, 2023-07-24}
  Assets:US:Vanguard:Cash                         -719.95 USD

2023-07-24 * "Investing 40% of cash in VBMPX"
  Assets:US:Vanguard:VBMPX                          1.303 VBMPX {184.21 USD, 2023-07-24}
  Assets:US:Vanguard:Cash                         -240.03 USD

2023-07-24 * "Investing 60% of cash in RGAGX"
  Assets:US:Vanguard:RGAGX                          2.832 RGAGX {127.11 USD, 2023-07-24}
  Assets:US:Vanguard:Cash                         -359.98 USD

2023-08-04 * "Employer match for contribution"
  Assets:US:Vanguard:Cash                          250.00 USD
  Income:US:BayBook:Match401k                     -250.00 USD

2023-08-07 * "Investing 40% of cash in VBMPX"
  Assets:US:Vanguard:VBMPX                          1.114 VBMPX {179.57 USD, 2023-08-07}
  Assets:US:Vanguard:Cash                         -200.04 USD

2023-08-07 * "Investing 60% of cash in RGAGX"
  Assets:US:Vanguard:RGAGX                          2.350 RGAGX {127.67 USD, 2023-08-07}
  Assets:US:Vanguard:Cash                         -300.02 USD

2023-08-07 * "Investing 40% of cash in VBMPX"
  Assets:US:Vanguard:VBMPX                          0.557 VBMPX {179.57 USD, 2023-08-07}
  Assets:US:Vanguard:Cash                         -100.02 USD

2023-08-07 * "Investing 60% of cash in RGAGX"
  Assets:US:Vanguard:RGAGX                          1.175 RGAGX {127.67 USD, 2023-08-07}
  Assets:US:Vanguard:Cash                         -150.01 USD

2024-01-05 * "Employer match for contribution"
  Assets:US:Vanguard:Cash                          600.00 USD
  Income:US:BayBook:Match401k                     -600.00 USD

2024-01-08 * "Investing 40% of cash in VBMPX"
  Assets:US:Vanguard:VBMPX                          2.486 VBMPX {193.04 USD, 2024-01-08}
  Assets:US:Vanguard:Cash                         -479.90 USD

2024-01-08 * "Investing 60% of cash in RGAGX"
  Assets:US:Vanguard:RGAGX                          5.422 RGAGX {132.79 USD, 2024-01-08}
  Assets:US:Vanguard:Cash                         -719.99 USD

2024-01-08 * "Investing 40% of cash in VBMPX"
  Assets:US:Vanguard:VBMPX                          1.243 VBMPX {193.04 USD, 2024-01-08}
  Assets:US:Vanguard:Cash                         -239.95 USD

2024-01-08 * "Investing 60% of cash in RGAGX"
  Assets:US:Vanguard:RGAGX                          2.711 RGAGX {132.79 USD, 2024-01-08}
  Assets:US:Vanguard:Cash                         -359.99 USD

2024-01-19 * "Employer match for contribution"
  Assets:US:Vanguard:Cash                          600.00 USD
  Income:US:BayBook:Match401k                     -600.00 USD

2024-01-22 * "Investing 40% of cash in VBMPX"
  Assets:US:Vanguard:VBMPX                          2.484 VBMPX {193.28 USD, 2024-01-22}
  Assets:US:Vanguard:Cash                         -480.11 USD

2024-01-22 * "Investing 60% of cash in RGAGX"
  Assets:US:Vanguard:RGAGX                          5.378 RGAGX {133.89 USD, 2024-01-22}
  Assets:US:Vanguard:Cash                         -720.06 USD

2024-01-22 * "Investing 40% of cash in VBMPX"
  Assets:US:Vanguard:VBMPX                          1.242 VBMPX {193.28 USD, 2024-01-22}
  Assets:US:Vanguard:Cash                         -240.05 USD

2024-01-22 * "Investing 60% of cash in RGAGX"
  Assets:US:Vanguard:RGAGX                          2.688 RGAGX {133.89 USD, 2024-01-22}
  Assets:US:Vanguard:Cash                         -359.90 USD

2024-02-02 * "Employer match for contribution"
  Assets:US:Vanguard:Cash                          600.00 USD
  Income:US:BayBook:Match401k                     -600.00 USD

2024-02-05 * "Investing 40% of cash in VBMPX"
  Assets:US:Vanguard:VBMPX                          2.455 VBMPX {195.54 USD, 2024-02-05}
  Assets:US:Vanguard:Cash                         -480.05 USD

2024-02-05 * "Investing 60% of cash in RGAGX"
  Assets:US:Vanguard:RGAGX                          5.406 RGAGX {133.19 USD, 2024-02-05}
  Assets:US:Vanguard:Cash                         -720.03 USD

2024-02-05 * "Investing 40% of cash in VBMPX"
  Assets:US:Vanguard:VBMPX                          1.227 VBMPX {195.54 USD, 2024-02-05}
  Assets:US:Vanguard:Cash                         -239.93 USD

2024-02-05 * "Investing 60% of cash in RGAGX"
  Assets:US:Vanguard:RGAGX                          2.702 RGAGX {133.19 USD, 2024-02-05}
  Assets:US:Vanguard:Cash                         -359.88 USD

2024-02-16 * "Employer match for contribution"
  Assets:US:Vanguard:Cash                          600.00 USD
  Income:US:BayBook:Match401k                     -600.00 USD

2024-02-19 * "Investing 40% of cash in VBMPX"
  Assets:US:Vanguard:VBMPX                          2.401 VBMPX {199.93 USD, 2024-02-19}
  Assets:US:Vanguard:Cash                         -480.03 USD

2024-02-19 * "Investing 60% of cash in RGAGX"
  Assets:US:Vanguard:RGAGX                          5.408 RGAGX {133.14 USD, 2024-02-19}
  Assets:US:Vanguard:Cash                         -720.02 USD

2024-02-19 * "Investing 40% of cash in VBMPX"
  Assets:US:Vanguard:VBMPX                          1.200 VBMPX {199.93 USD, 2024-02-19}
  Assets:US:Vanguard:Cash                         -239.92 USD

2024-02-19 * "Investing 60% of cash in RGAGX"
  Assets:US:Vanguard:RGAGX                          2.704 RGAGX {133.14 USD, 2024-02-19}
  Assets:US:Vanguard:Cash                         -360.01 USD

2024-03-01 * "Employer match for contribution"
  Assets:US:Vanguard:Cash                          600.00 USD
  Income:US:BayBook:Match401k                     -600.00 USD

2024-03-04 * "Investing 40% of cash in VBMPX"
  Assets:US:Vanguard:VBMPX                          2.348 VBMPX {204.43 USD, 2024-03-04}
  Assets:US:Vanguard:Cash                         -480.00 USD

2024-03-04 * "Investing 60% of cash in RGAGX"
  Assets:US:Vanguard:RGAGX                          5.533 RGAGX {130.15 USD, 2024-03-04}
  Assets:US:Vanguard:Cash                         -720.12 USD

2024-03-04 * "Investing 40% of cash in VBMPX"
  Assets:US:Vanguard:VBMPX                          1.174 VBMPX {204.43 USD, 2024-03-04}
  Assets:US:Vanguard:Cash                         -240.00 USD

2024-03-04 * "Investing 60% of cash in RGAGX"
  Assets:US:Vanguard:RGAGX                          2.766 RGAGX {130.15 USD, 2024-03-04}
  Assets:US:Vanguard:Cash                         -359.99 USD

2024-03-15 * "Employer match for contribution"
  Assets:US:Vanguard:Cash                          600.00 USD
  Income:US:BayBook:Match401k                     -600.00 USD

2024-03-18 * "Investing 40% of cash in VBMPX"
  Assets:US:Vanguard:VBMPX                          2.272 VBMPX {211.29 USD, 2024-03-18}
  Assets:US:Vanguard:Cash                         -480.05 USD

2024-03-18 * "Investing 60% of cash in RGAGX"
  Assets:US:Vanguard:RGAGX                          5.351 RGAGX {134.56 USD, 2024-03-18}
  Assets:US:Vanguard:Cash                         -720.03 USD

2024-03-18 * "Investing 40% of cash in VBMPX"
  Assets:US:Vanguard:VBMPX                          1.136 VBMPX {211.29 USD, 2024-03-18}
  Assets:US:Vanguard:Cash                         -240.03 USD

2024-03-18 * "Investing 60% of cash in RGAGX"
  Assets:US:Vanguard:RGAGX                          2.675 RGAGX {134.56 USD, 2024-03-18}
  Assets:US:Vanguard:Cash                         -359.95 USD

2024-03-29 * "Employer match for contribution"
  Assets:US:Vanguard:Cash                          600.00 USD
  Income:US:BayBook:Match401k                     -600.00 USD

2024-04-01 * "Investing 40% of cash in VBMPX"
  Assets:US:Vanguard:VBMPX                          2.231 VBMPX {215.14 USD, 2024-04-01}
  Assets:US:Vanguard:Cash                         -479.98 USD

2024-04-01 * "Investing 60% of cash in RGAGX"
  Assets:US:Vanguard:RGAGX                          5.269 RGAGX {136.63 USD, 2024-04-01}
  Assets:US:Vanguard:Cash                         -719.90 USD

2024-04-01 * "Investing 40% of cash in VBMPX"
  Assets:US:Vanguard:VBMPX                          1.116 VBMPX {215.14 USD, 2024-04-01}
  Assets:US:Vanguard:Cash                         -240.10 USD

2024-04-01 * "Investing 60% of cash in RGAGX"
  Assets:US:Vanguard:RGAGX                          2.635 RGAGX {136.63 USD, 2024-04-01}
  Assets:US:Vanguard:Cash                         -360.02 USD



* Sources of Income

2022-01-01 open Income:US:BayBook:Salary                      USD
2022-01-01 open Income:US:BayBook:GroupTermLife               USD
2022-01-01 open Income:US:BayBook:Vacation                    VACHR
2022-01-01 open Assets:US:BayBook:Vacation                    VACHR
2022-01-01 open Expenses:Vacation                               VACHR
2022-01-01 open Expenses:Health:Life:GroupTermLife
2022-01-01 open Expenses:Health:Medical:Insurance
2022-01-01 open Expenses:Health:Dental:Insurance
2022-01-01 open Expenses:Health:Vision:Insurance

2022-01-01 event "employer" "BayBook, 1501 Billow Rd, Benlo Park, CA"

2022-01-06 * "BayBook" "Payroll"
  Assets:US:BofA:Checking                         1350.60 USD
  Assets:US:Vanguard:Cash                         1200.00 USD
  Income:US:BayBook:Salary                       -4615.38 USD
  Income:US:BayBook:GroupTermLife                  -24.32 USD
  Expenses:Health:Life:GroupTermLife                24.32 USD
  Expenses:Health:Dental:Insurance                   2.90 USD
  Expenses:Health:Medical:Insurance                 27.38 USD
  Expenses:Health:Vision:Insurance                  42.30 USD
  Expenses:Taxes:Y2022:US:Medicare                 106.62 USD
  Expenses:Taxes:Y2022:US:Federal                 1062.92 USD
  Expenses:Taxes:Y2022:US:State                    365.08 USD
  Expenses:Taxes:Y2022:US:CityNYC                  174.92 USD
  Expenses:Taxes:Y2022:US:SDI                        1.12 USD
  Expenses:Taxes:Y2022:US:SocSec                   281.54 USD
  Assets:US:Federal:PreTax401k                   -1200.00 IRAUSD
  Expenses:Taxes:Y2022:US:Federal:PreTax401k      1200.00 IRAUSD
  Assets:US:BayBook:Vacation                            5 VACHR
  Income:US:BayBook:Vacation                           -5 VACHR

2022-01-20 * "BayBook" "Payroll"
  Assets:US:BofA:Checking                         1350.60 USD
  Assets:US:Vanguard:Cash                         1200.00 USD
  Income:US:BayBook:Salary                       -4615.38 USD
  Income:US:BayBook:GroupTermLife                  -24.32 USD
  Expenses:Health:Life:GroupTermLife                24.32 USD
  Expenses:Health:Dental:Insurance                   2.90 USD
  Expenses:Health:Medical:Insurance                 27.38 USD
  Expenses:Health:Vision:Insurance                  42.30 USD
  Expenses:Taxes:Y2022:US:Medicare                 106.62 USD
  Expenses:Taxes:Y2022:US:Federal                 1062.92 USD
  Expenses:Taxes:Y2022:US:State                    365.08 USD
  Expenses:Taxes:Y2022:US:CityNYC                  174.92 USD
  Expenses:Taxes:Y2022:US:SDI                        1.12 USD
  Expenses:Taxes:Y2022:US:SocSec                   281.54 USD
  Assets:US:Federal:PreTax401k                   -1200.00 IRAUSD
  Expenses:Taxes:Y2022:US:Federal:PreTax401k      1200.00 IRAUSD
  Assets:US:BayBook:Vacation                            5 VACHR
  Income:US:BayBook:Vacation                           -5 VACHR

2022-02-03 * "BayBook" "Payroll"
  Assets:US:BofA:Checking                         1350.60 USD
  Assets:US:Vanguard:Cash                         1200.00 USD
  Income:US:BayBook:Salary                       -4615.38 USD
  Income:US:BayBook:GroupTermLife                  -24.32 USD
  Expenses:Health:Life:GroupTermLife                24.32 USD
  Expenses:Health:Dental:Insurance                   2.90 USD
  Expenses:Health:Medical:Insurance                 27.38 USD
  Expenses:Health:Vision:Insurance                  42.30 USD
  Expenses:Taxes:Y2022:US:Medicare                 106.62 USD
  Expenses:Taxes:Y2022:US:Federal                 1062.92 USD
  Expenses:Taxes:Y2022:US:State                    365.08 USD
  Expenses:Taxes:Y2022:US:CityNYC                  174.92 USD
  Expenses:Taxes:Y2022:US:SDI                        1.12 USD
  Expenses:Taxes:Y2022:US:SocSec                   281.54 USD
  Assets:US:Federal:PreTax401k                   -1200.00 IRAUSD
  Expenses:Taxes:Y2022:US:Federal:PreTax401k      1200.00 IRAUSD
  Assets:US:BayBook:Vacation                            5 VACHR
  Income:US:BayBook:Vacation                           -5 VACHR

2022-02-17 * "BayBook" "Payroll"
  Assets:US:BofA:Checking                         1350.60 USD
  Assets:US:Vanguard:Cash                         1200.00 USD
  Income:US:BayBook:Salary                       -4615.38 USD
  Income:US:BayBook:GroupTermLife                  -24.32 USD
  Expenses:Health:Life:GroupTermLife                24.32 USD
  Expenses:Health:Dental:Insurance                   2.90 USD
  Expenses:Health:Medical:Insurance                 27.38 USD
  Expenses:Health:Vision:Insurance                  42.30 USD
  Expenses:Taxes:Y2022:US:Medicare                 106.62 USD
  Expenses:Taxes:Y2022:US:Federal                 1062.92 USD
  Expenses:Taxes:Y2022:US:State                    365.08 USD
  Expenses:Taxes:Y2022:US:CityNYC                  174.92 USD
  Expenses:Taxes:Y2022:US:SDI                        1.12 USD
  Expenses:Taxes:Y2022:US:SocSec                   281.54 USD
  Assets:US:Federal:PreTax401k                   -1200.00 IRAUSD
  Expenses:Taxes:Y2022:US:Federal:PreTax401k      1200.00 IRAUSD
  Assets:US:BayBook:Vacation                            5 VACHR
  Income:US:BayBook:Vacation                           -5 VACHR

2022-03-03 * "BayBook" "Payroll"
  Assets:US:BofA:Checking                         1350.60 USD
  Assets:US:Vanguard:Cash                         1200.00 USD
  Income:US:BayBook:Salary                       -4615.38 USD
  Income:US:BayBook:GroupTermLife                  -24.32 USD
  Expenses:Health:Life:GroupTermLife                24.32 USD
  Expenses:Health:Dental:Insurance                   2.90 USD
  Expenses:Health:Medical:Insurance                 27.38 USD
  Expenses:Health:Vision:Insurance                  42.30 USD
  Expenses:Taxes:Y2022:US:Medicare                 106.62 USD
  Expenses:Taxes:Y2022:US:Federal                 1062.92 USD
  Expenses:Taxes:Y2022:US:State                    365.08 USD
  Expenses:Taxes:Y2022:US:CityNYC                  174.92 USD
  Expenses:Taxes:Y2022:US:SDI                        1.12 USD
  Expenses:Taxes:Y2022:US:SocSec                   281.54 USD
  Assets:US:Federal:PreTax401k                   -1200.00 IRAUSD
  Expenses:Taxes:Y2022:US:Federal:PreTax401k      1200.00 IRAUSD
  Assets:US:BayBook:Vacation                            5 VACHR
  Income:US:BayBook:Vacation                           -5 VACHR

2022-03-17 * "BayBook" "Payroll"
  Assets:US:BofA:Checking                         1350.60 USD
  Assets:US:Vanguard:Cash                         1200.00 USD
  Income:US:BayBook:Salary                       -4615.38 USD
  Income:US:BayBook:GroupTermLife                  -24.32 USD
  Expenses:Health:Life:GroupTermLife                24.32 USD
  Expenses:Health:Dental:Insurance                   2.90 USD
  Expenses:Health:Medical:Insurance                 27.38 USD
  Expenses:Health:Vision:Insurance                  42.30 USD
  Expenses:Taxes:Y2022:US:Medicare                 106.62 USD
  Expenses:Taxes:Y2022:US:Federal                 1062.92 USD
  Expenses:Taxes:Y2022:US:State                    365.08 USD
  Expenses:Taxes:Y2022:US:CityNYC                  174.92 USD
  Expenses:Taxes:Y2022:US:SDI                        1.12 USD
  Expenses:Taxes:Y2022:US:SocSec                   281.54 USD
  Assets:US:Federal:PreTax401k                   -1200.00 IRAUSD
  Expenses:Taxes:Y2022:US:Federal:PreTax401k      1200.00 IRAUSD
  Assets:US:BayBook:Vacation                            5 VACHR
  Income:US:BayBook:Vacation                           -5 VACHR

2022-03-31 * "BayBook" "Payroll"
  Assets:US:BofA:Checking                         1350.60 USD
  Assets:US:Vanguard:Cash                         1200.00 USD
  Income:US:BayBook:Salary                       -4615.38 USD
  Income:US:BayBook:GroupTermLife                  -24.32 USD
  Expenses:Health:Life:GroupTermLife                24.32 USD
  Expenses:Health:Dental:Insurance                   2.90 USD
  Expenses:Health:Medical:Insurance                 27.38 USD
  Expenses:Health:Vision:Insurance                  42.30 USD
  Expenses:Taxes:Y2022:US:Medicare                 106.62 USD
  Expenses:Taxes:Y2022:US:Federal                 1062.92 USD
  Expenses:Taxes:Y2022:US:State                    365.08 USD
  Expenses:Taxes:Y2022:US:CityNYC                  174.92 USD
  Expenses:Taxes:Y2022:US:SDI                        1.12 USD
  Expenses:Taxes:Y2022:US:SocSec                   281.54 USD
  Assets:US:Federal:PreTax401k                   -1200.00 IRAUSD
  Expenses:Taxes:Y2022:US:Federal:PreTax401k      1200.00 IRAUSD
  Assets:US:BayBook:Vacation                            5 VACHR
  Income:US:BayBook:Vacation                           -5 VACHR

2022-04-14 * "BayBook" "Payroll"
  Assets:US:BofA:Checking                         1350.60 USD
  Assets:US:Vanguard:Cash                         1200.00 USD
  Income:US:BayBook:Salary                       -4615.38 USD
  Income:US:BayBook:GroupTermLife                  -24.32 USD
  Expenses:Health:Life:GroupTermLife                24.32 USD
  Expenses:Health:Dental:Insurance                   2.90 USD
  Expenses:Health:Medical:Insurance                 27.38 USD
  Expenses:Health:Vision:Insurance                  42.30 USD
  Expenses:Taxes:Y2022:US:Medicare                 106.62 USD
  Expenses:Taxes:Y2022:US:Federal                 1062.92 USD
  Expenses:Taxes:Y2022:US:State                    365.08 USD
  Expenses:Taxes:Y2022:US:CityNYC                  174.92 USD
  Expenses:Taxes:Y2022:US:SDI                        1.12 USD
  Expenses:Taxes:Y2022:US:SocSec                   281.54 USD
  Assets:US:Federal:PreTax401k                   -1200.00 IRAUSD
  Expenses:Taxes:Y2022:US:Federal:PreTax401k      1200.00 IRAUSD
  Assets:US:BayBook:Vacation                            5 VACHR
  Income:US:BayBook:Vacation                           -5 VACHR

2022-04-28 * "BayBook" "Payroll"
  Assets:US:BofA:Checking                         1350.60 USD
  Assets:US:Vanguard:Cash                         1200.00 USD
  Income:US:BayBook:Salary                       -4615.38 USD
  Income:US:BayBook:GroupTermLife                  -24.32 USD
  Expenses:Health:Life:GroupTermLife                24.32 USD
  Expenses:Health:Dental:Insurance                   2.90 USD
  Expenses:Health:Medical:Insurance                 27.38 USD
  Expenses:Health:Vision:Insurance                  42.30 USD
  Expenses:Taxes:Y2022:US:Medicare                 106.62 USD
  Expenses:Taxes:Y2022:US:Federal                 1062.92 USD
  Expenses:Taxes:Y2022:US:State                    365.08 USD
  Expenses:Taxes:Y2022:US:CityNYC                  174.92 USD
  Expenses:Taxes:Y2022:US:SDI                        1.12 USD
  Expenses:Taxes:Y2022:US:SocSec                   281.54 USD
  Assets:US:Federal:PreTax401k                   -1200.00 IRAUSD
  Expenses:Taxes:Y2022:US:Federal:PreTax401k      1200.00 IRAUSD
  Assets:US:BayBook:Vacation                            5 VACHR
  Income:US:BayBook:Vacation                           -5 VACHR

2022-05-12 * "BayBook" "Payroll"
  Assets:US:BofA:Checking                         1350.60 USD
  Assets:US:Vanguard:Cash                         1200.00 USD
  Income:US:BayBook:Salary                       -4615.38 USD
  Income:US:BayBook:GroupTermLife                  -24.32 USD
  Expenses:Health:Life:GroupTermLife                24.32 USD
  Expenses:Health:Dental:Insurance                   2.90 USD
  Expenses:Health:Medical:Insurance                 27.38 USD
  Expenses:Health:Vision:Insurance                  42.30 USD
  Expenses:Taxes:Y2022:US:Medicare                 106.62 USD
  Expenses:Taxes:Y2022:US:Federal                 1062.92 USD
  Expenses:Taxes:Y2022:US:State                    365.08 USD
  Expenses:Taxes:Y2022:US:CityNYC                  174.92 USD
  Expenses:Taxes:Y2022:US:SDI                        1.12 USD
  Expenses:Taxes:Y2022:US:SocSec                   281.54 USD
  Assets:US:Federal:PreTax401k                   -1200.00 IRAUSD
  Expenses:Taxes:Y2022:US:Federal:PreTax401k      1200.00 IRAUSD
  Assets:US:BayBook:Vacation                            5 VACHR
  Income:US:BayBook:Vacation                           -5 VACHR

2022-05-26 * "BayBook" "Payroll"
  Assets:US:BofA:Checking                         1350.60 USD
  Assets:US:Vanguard:Cash                         1200.00 USD
  Income:US:BayBook:Salary                       -4615.38 USD
  Income:US:BayBook:GroupTermLife                  -24.32 USD
  Expenses:Health:Life:GroupTermLife                24.32 USD
  Expenses:Health:Dental:Insurance                   2.90 USD
  Expenses:Health:Medical:Insurance                 27.38 USD
  Expenses:Health:Vision:Insurance                  42.30 USD
  Expenses:Taxes:Y2022:US:Medicare                 106.62 USD
  Expenses:Taxes:Y2022:US:Federal                 1062.92 USD
  Expenses:Taxes:Y2022:US:State                    365.08 USD
  Expenses:Taxes:Y2022:US:CityNYC                  174.92 USD
  Expenses:Taxes:Y2022:US:SDI                        1.12 USD
  Expenses:Taxes:Y2022:US:SocSec                   281.54 USD
  Assets:US:Federal:PreTax401k                   -1200.00 IRAUSD
  Expenses:Taxes:Y2022:US:Federal:PreTax401k      1200.00 IRAUSD
  Assets:US:BayBook:Vacation                            5 VACHR
  Income:US:BayBook:Vacation                           -5 VACHR

2022-06-09 * "BayBook" "Payroll"
  Assets:US:BofA:Checking                         1350.60 USD
  Assets:US:Vanguard:Cash                         1200.00 USD
  Income:US:BayBook:Salary                       -4615.38 USD
  Income:US:BayBook:GroupTermLife                  -24.32 USD
  Expenses:Health:Life:GroupTermLife                24.32 USD
  Expenses:Health:Dental:Insurance                   2.90 USD
  Expenses:Health:Medical:Insurance                 27.38 USD
  Expenses:Health:Vision:Insurance                  42.30 USD
  Expenses:Taxes:Y2022:US:Medicare                 106.62 USD
  Expenses:Taxes:Y2022:US:Federal                 1062.92 USD
  Expenses:Taxes:Y2022:US:State                    365.08 USD
  Expenses:Taxes:Y2022:US:CityNYC                  174.92 USD
  Expenses:Taxes:Y2022:US:SDI                        1.12 USD
  Expenses:Taxes:Y2022:US:SocSec                   281.54 USD
  Assets:US:Federal:PreTax401k                   -1200.00 IRAUSD
  Expenses:Taxes:Y2022:US:Federal:PreTax401k      1200.00 IRAUSD
  Assets:US:BayBook:Vacation                            5 VACHR
  Income:US:BayBook:Vacation                           -5 VACHR

2022-06-23 * "BayBook" "Payroll"
  Assets:US:BofA:Checking                         1350.60 USD
  Assets:US:Vanguard:Cash                         1200.00 USD
  Income:US:BayBook:Salary                       -4615.38 USD
  Income:US:BayBook:GroupTermLife                  -24.32 USD
  Expenses:Health:Life:GroupTermLife                24.32 USD
  Expenses:Health:Dental:Insurance                   2.90 USD
  Expenses:Health:Medical:Insurance                 27.38 USD
  Expenses:Health:Vision:Insurance                  42.30 USD
  Expenses:Taxes:Y2022:US:Medicare                 106.62 USD
  Expenses:Taxes:Y2022:US:Federal                 1062.92 USD
  Expenses:Taxes:Y2022:US:State                    365.08 USD
  Expenses:Taxes:Y2022:US:CityNYC                  174.92 USD
  Expenses:Taxes:Y2022:US:SDI                        1.12 USD
  Expenses:Taxes:Y2022:US:SocSec                   281.54 USD
  Assets:US:Federal:PreTax401k                   -1200.00 IRAUSD
  Expenses:Taxes:Y2022:US:Federal:PreTax401k      1200.00 IRAUSD
  Assets:US:BayBook:Vacation                            5 VACHR
  Income:US:BayBook:Vacation                           -5 VACHR

2022-07-07 * "BayBook" "Payroll"
  Assets:US:BofA:Checking                         1350.60 USD
  Assets:US:Vanguard:Cash                         1200.00 USD
  Income:US:BayBook:Salary                       -4615.38 USD
  Income:US:BayBook:GroupTermLife                  -24.32 USD
  Expenses:Health:Life:GroupTermLife                24.32 USD
  Expenses:Health:Dental:Insurance                   2.90 USD
  Expenses:Health:Medical:Insurance                 27.38 USD
  Expenses:Health:Vision:Insurance                  42.30 USD
  Expenses:Taxes:Y2022:US:Medicare                 106.62 USD
  Expenses:Taxes:Y2022:US:Federal                 1062.92 USD
  Expenses:Taxes:Y2022:US:State                    365.08 USD
  Expenses:Taxes:Y2022:US:CityNYC                  174.92 USD
  Expenses:Taxes:Y2022:US:SDI                        1.12 USD
  Expenses:Taxes:Y2022:US:SocSec                   281.54 USD
  Assets:US:Federal:PreTax401k                   -1200.00 IRAUSD
  Expenses:Taxes:Y2022:US:Federal:PreTax401k      1200.00 IRAUSD
  Assets:US:BayBook:Vacation                            5 VACHR
  Income:US:BayBook:Vacation                           -5 VACHR

2022-07-21 * "BayBook" "Payroll"
  Assets:US:BofA:Checking                         1350.60 USD
  Assets:US:Vanguard:Cash                         1200.00 USD
  Income:US:BayBook:Salary                       -4615.38 USD
  Income:US:BayBook:GroupTermLife                  -24.32 USD
  Expenses:Health:Life:GroupTermLife                24.32 USD
  Expenses:Health:Dental:Insurance                   2.90 USD
  Expenses:Health:Medical:Insurance                 27.38 USD
  Expenses:Health:Vision:Insurance                  42.30 USD
  Expenses:Taxes:Y2022:US:Medicare                 106.62 USD
  Expenses:Taxes:Y2022:US:Federal                 1062.92 USD
  Expenses:Taxes:Y2022:US:State                    365.08 USD
  Expenses:Taxes:Y2022:US:CityNYC                  174.92 USD
  Expenses:Taxes:Y2022:US:SDI                        1.12 USD
  Expenses:Taxes:Y2022:US:SocSec                   281.54 USD
  Assets:US:Federal:PreTax401k                   -1200.00 IRAUSD
  Expenses:Taxes:Y2022:US:Federal:PreTax401k      1200.00 IRAUSD
  Assets:US:BayBook:Vacation                            5 VACHR
  Income:US:BayBook:Vacation                           -5 VACHR

2022-08-04 * "BayBook" "Payroll"
  Assets:US:BofA:Checking                         2050.60 USD
  Assets:US:Vanguard:Cash                          500.00 USD
  Income:US:BayBook:Salary                       -4615.38 USD
  Income:US:BayBook:GroupTermLife                  -24.32 USD
  Expenses:Health:Life:GroupTermLife                24.32 USD
  Expenses:Health:Dental:Insurance                   2.90 USD
  Expenses:Health:Medical:Insurance                 27.38 USD
  Expenses:Health:Vision:Insurance                  42.30 USD
  Expenses:Taxes:Y2022:US:Medicare                 106.62 USD
  Expenses:Taxes:Y2022:US:Federal                 1062.92 USD
  Expenses:Taxes:Y2022:US:State                    365.08 USD
  Expenses:Taxes:Y2022:US:CityNYC                  174.92 USD
  Expenses:Taxes:Y2022:US:SDI                        1.12 USD
  Expenses:Taxes:Y2022:US:SocSec                   281.54 USD
  Assets:US:Federal:PreTax401k                    -500.00 IRAUSD
  Expenses:Taxes:Y2022:US:Federal:PreTax401k       500.00 IRAUSD
  Assets:US:BayBook:Vacation                            5 VACHR
  Income:US:BayBook:Vacation                           -5 VACHR

2022-08-18 * "BayBook" "Payroll"
  Assets:US:BofA:Checking                         2550.60 USD
  Income:US:BayBook:Salary                       -4615.38 USD
  Income:US:BayBook:GroupTermLife                  -24.32 USD
  Expenses:Health:Life:GroupTermLife                24.32 USD
  Expenses:Health:Dental:Insurance                   2.90 USD
  Expenses:Health:Medical:Insurance                 27.38 USD
  Expenses:Health:Vision:Insurance                  42.30 USD
  Expenses:Taxes:Y2022:US:Medicare                 106.62 USD
  Expenses:Taxes:Y2022:US:Federal                 1062.92 USD
  Expenses:Taxes:Y2022:US:State                    365.08 USD
  Expenses:Taxes:Y2022:US:CityNYC                  174.92 USD
  Expenses:Taxes:Y2022:US:SDI                        1.12 USD
  Expenses:Taxes:Y2022:US:SocSec                   281.54 USD
  Assets:US:Federal:PreTax401k                       0.00 IRAUSD
  Assets:US:BayBook:Vacation                            5 VACHR
  Income:US:BayBook:Vacation                           -5 VACHR

2022-09-01 * "BayBook" "Payroll"
  Assets:US:BofA:Checking                         2550.60 USD
  Income:US:BayBook:Salary                       -4615.38 USD
  Income:US:BayBook:GroupTermLife                  -24.32 USD
  Expenses:Health:Life:GroupTermLife                24.32 USD
  Expenses:Health:Dental:Insurance                   2.90 USD
  Expenses:Health:Medical:Insurance                 27.38 USD
  Expenses:Health:Vision:Insurance                  42.30 USD
  Expenses:Taxes:Y2022:US:Medicare                 106.62 USD
  Expenses:Taxes:Y2022:US:Federal                 1062.92 USD
  Expenses:Taxes:Y2022:US:State                    365.08 USD
  Expenses:Taxes:Y2022:US:CityNYC                  174.92 USD
  Expenses:Taxes:Y2022:US:SDI                        1.12 USD
  Expenses:Taxes:Y2022:US:SocSec                   281.54 USD
  Assets:US:Federal:PreTax401k                       0.00 IRAUSD
  Assets:US:BayBook:Vacation                            5 VACHR
  Income:US:BayBook:Vacation                           -5 VACHR

2022-09-15 * "BayBook" "Payroll"
  Assets:US:BofA:Checking                         2550.60 USD
  Income:US:BayBook:Salary                       -4615.38 USD
  Income:US:BayBook:GroupTermLife                  -24.32 USD
  Expenses:Health:Life:GroupTermLife                24.32 USD
  Expenses:Health:Dental:Insurance                   2.90 USD
  Expenses:Health:Medical:Insurance                 27.38 USD
  Expenses:Health:Vision:Insurance                  42.30 USD
  Expenses:Taxes:Y2022:US:Medicare                 106.62 USD
  Expenses:Taxes:Y2022:US:Federal                 1062.92 USD
  Expenses:Taxes:Y2022:US:State                    365.08 USD
  Expenses:Taxes:Y2022:US:CityNYC                  174.92 USD
  Expenses:Taxes:Y2022:US:SDI                        1.12 USD
  Expenses:Taxes:Y2022:US:SocSec                   281.54 USD
  Assets:US:Federal:PreTax401k                       0.00 IRAUSD
  Assets:US:BayBook:Vacation                            5 VACHR
  Income:US:BayBook:Vacation                           -5 VACHR

2022-09-29 * "BayBook" "Payroll"
  Assets:US:BofA:Checking                         2550.60 USD
  Income:US:BayBook:Salary                       -4615.38 USD
  Income:US:BayBook:GroupTermLife                  -24.32 USD
  Expenses:Health:Life:GroupTermLife                24.32 USD
  Expenses:Health:Dental:Insurance                   2.90 USD
  Expenses:Health:Medical:Insurance                 27.38 USD
  Expenses:Health:Vision:Insurance                  42.30 USD
  Expenses:Taxes:Y2022:US:Medicare                 106.62 USD
  Expenses:Taxes:Y2022:US:Federal                 1062.92 USD
  Expenses:Taxes:Y2022:US:State                    365.08 USD
  Expenses:Taxes:Y2022:US:CityNYC                  174.92 USD
  Expenses:Taxes:Y2022:US:SDI                        1.12 USD
  Expenses:Taxes:Y2022:US:SocSec                   281.54 USD
  Assets:US:Federal:PreTax401k                       0.00 IRAUSD
  Assets:US:BayBook:Vacation                            5 VACHR
  Income:US:BayBook:Vacation                           -5 VACHR

2022-10-13 * "BayBook" "Payroll"
  Assets:US:BofA:Checking                         2550.60 USD
  Income:US:BayBook:Salary                       -4615.38 USD
  Income:US:BayBook:GroupTermLife                  -24.32 USD
  Expenses:Health:Life:GroupTermLife                24.32 USD
  Expenses:Health:Dental:Insurance                   2.90 USD
  Expenses:Health:Medical:Insurance                 27.38 USD
  Expenses:Health:Vision:Insurance                  42.30 USD
  Expenses:Taxes:Y2022:US:Medicare                 106.62 USD
  Expenses:Taxes:Y2022:US:Federal                 1062.92 USD
  Expenses:Taxes:Y2022:US:State                    365.08 USD
  Expenses:Taxes:Y2022:US:CityNYC                  174.92 USD
  Expenses:Taxes:Y2022:US:SDI                        1.12 USD
  Expenses:Taxes:Y2022:US:SocSec                   281.54 USD
  Assets:US:Federal:PreTax401k                       0.00 IRAUSD
  Assets:US:BayBook:Vacation                            5 VACHR
  Income:US:BayBook:Vacation                           -5 VACHR

2022-10-27 * "BayBook" "Payroll"
  Assets:US:BofA:Checking                         2550.60 USD
  Income:US:BayBook:Salary                       -4615.38 USD
  Income:US:BayBook:GroupTermLife                  -24.32 USD
  Expenses:Health:Life:GroupTermLife                24.32 USD
  Expenses:Health:Dental:Insurance                   2.90 USD
  Expenses:Health:Medical:Insurance                 27.38 USD
  Expenses:Health:Vision:Insurance                  42.30 USD
  Expenses:Taxes:Y2022:US:Medicare                 106.62 USD
  Expenses:Taxes:Y2022:US:Federal                 1062.92 USD
  Expenses:Taxes:Y2022:US:State                    365.08 USD
  Expenses:Taxes:Y2022:US:CityNYC                  174.92 USD
  Expenses:Taxes:Y2022:US:SDI                        1.12 USD
  Expenses:Taxes:Y2022:US:SocSec                   281.54 USD
  Assets:US:Federal:PreTax401k                       0.00 IRAUSD
  Assets:US:BayBook:Vacation                            5 VACHR
  Income:US:BayBook:Vacation                           -5 VACHR

2022-11-10 * "BayBook" "Payroll"
  Assets:US:BofA:Checking                         2550.60 USD
  Income:US:BayBook:Salary                       -4615.38 USD
  Income:US:BayBook:GroupTermLife                  -24.32 USD
  Expenses:Health:Life:GroupTermLife                24.32 USD
  Expenses:Health:Dental:Insurance                   2.90 USD
  Expenses:Health:Medical:Insurance                 27.38 USD
  Expenses:Health:Vision:Insurance                  42.30 USD
  Expenses:Taxes:Y2022:US:Medicare                 106.62 USD
  Expenses:Taxes:Y2022:US:Federal                 1062.92 USD
  Expenses:Taxes:Y2022:US:State                    365.08 USD
  Expenses:Taxes:Y2022:US:CityNYC                  174.92 USD
  Expenses:Taxes:Y2022:US:SDI                        1.12 USD
  Expenses:Taxes:Y2022:US:SocSec                   281.54 USD
  Assets:US:Federal:PreTax401k                       0.00 IRAUSD
  Assets:US:BayBook:Vacation                            5 VACHR
  Income:US:BayBook:Vacation                           -5 VACHR

2022-11-24 * "BayBook" "Payroll"
  Assets:US:BofA:Checking                         2550.60 USD
  Income:US:BayBook:Salary                       -4615.38 USD
  Income:US:BayBook:GroupTermLife                  -24.32 USD
  Expenses:Health:Life:GroupTermLife                24.32 USD
  Expenses:Health:Dental:Insurance                   2.90 USD
  Expenses:Health:Medical:Insurance                 27.38 USD
  Expenses:Health:Vision:Insurance                  42.30 USD
  Expenses:Taxes:Y2022:US:Medicare                 106.62 USD
  Expenses:Taxes:Y2022:US:Federal                 1062.92 USD
  Expenses:Taxes:Y2022:US:State                    365.08 USD
  Expenses:Taxes:Y2022:US:CityNYC                  174.92 USD
  Expenses:Taxes:Y2022:US:SDI                        1.12 USD
  Expenses:Taxes:Y2022:US:SocSec                   281.54 USD
  Assets:US:Federal:PreTax401k                       0.00 IRAUSD
  Assets:US:BayBook:Vacation                            5 VACHR
  Income:US:BayBook:Vacation                           -5 VACHR

2022-12-08 * "BayBook" "Payroll"
  Assets:US:BofA:Checking                         2589.06 USD
  Income:US:BayBook:Salary                       -4615.38 USD
  Income:US:BayBook:GroupTermLife                  -24.32 USD
  Expenses:Health:Life:GroupTermLife                24.32 USD
  Expenses:Health:Dental:Insurance                   2.90 USD
  Expenses:Health:Medical:Insurance                 27.38 USD
  Expenses:Health:Vision:Insurance                  42.30 USD
  Expenses:Taxes:Y2022:US:Medicare                 106.62 USD
  Expenses:Taxes:Y2022:US:Federal                 1062.92 USD
  Expenses:Taxes:Y2022:US:State                    365.08 USD
  Expenses:Taxes:Y2022:US:CityNYC                  174.92 USD
  Expenses:Taxes:Y2022:US:SDI                        1.12 USD
  Expenses:Taxes:Y2022:US:SocSec                   243.08 USD
  Assets:US:Federal:PreTax401k                       0.00 IRAUSD
  Assets:US:BayBook:Vacation                            5 VACHR
  Income:US:BayBook:Vacation                           -5 VACHR

2022-12-22 * "BayBook" "Payroll"
  Assets:US:BofA:Checking                         2832.14 USD
  Income:US:BayBook:Salary                       -4615.38 USD
  Income:US:BayBook:GroupTermLife                  -24.32 USD
  Expenses:Health:Life:GroupTermLife                24.32 USD
  Expenses:Health:Dental:Insurance                   2.90 USD
  Expenses:Health:Medical:Insurance                 27.38 USD
  Expenses:Health:Vision:Insurance                  42.30 USD
  Expenses:Taxes:Y2022:US:Medicare                 106.62 USD
  Expenses:Taxes:Y2022:US:Federal                 1062.92 USD
  Expenses:Taxes:Y2022:US:State                    365.08 USD
  Expenses:Taxes:Y2022:US:CityNYC                  174.92 USD
  Expenses:Taxes:Y2022:US:SDI                        1.12 USD
  Expenses:Taxes:Y2022:US:SocSec                     0.00 USD
  Assets:US:Federal:PreTax401k                       0.00 IRAUSD
  Assets:US:BayBook:Vacation                            5 VACHR
  Income:US:BayBook:Vacation                           -5 VACHR

2023-01-05 * "BayBook" "Payroll"
  Assets:US:BofA:Checking                         1350.60 USD
  Assets:US:Vanguard:Cash                         1200.00 USD
  Income:US:BayBook:Salary                       -4615.38 USD
  Income:US:BayBook:GroupTermLife                  -24.32 USD
  Expenses:Health:Life:GroupTermLife                24.32 USD
  Expenses:Health:Dental:Insurance                   2.90 USD
  Expenses:Health:Medical:Insurance                 27.38 USD
  Expenses:Health:Vision:Insurance                  42.30 USD
  Expenses:Taxes:Y2023:US:Medicare                 106.62 USD
  Expenses:Taxes:Y2023:US:Federal                 1062.92 USD
  Expenses:Taxes:Y2023:US:State                    365.08 USD
  Expenses:Taxes:Y2023:US:CityNYC                  174.92 USD
  Expenses:Taxes:Y2023:US:SDI                        1.12 USD
  Expenses:Taxes:Y2023:US:SocSec                   281.54 USD
  Assets:US:Federal:PreTax401k                   -1200.00 IRAUSD
  Expenses:Taxes:Y2023:US:Federal:PreTax401k      1200.00 IRAUSD
  Assets:US:BayBook:Vacation                            5 VACHR
  Income:US:BayBook:Vacation                           -5 VACHR

2023-01-19 * "BayBook" "Payroll"
  Assets:US:BofA:Checking                         1350.60 USD
  Assets:US:Vanguard:Cash                         1200.00 USD
  Income:US:BayBook:Salary                       -4615.38 USD
  Income:US:BayBook:GroupTermLife                  -24.32 USD
  Expenses:Health:Life:GroupTermLife                24.32 USD
  Expenses:Health:Dental:Insurance                   2.90 USD
  Expenses:Health:Medical:Insurance                 27.38 USD
  Expenses:Health:Vision:Insurance                  42.30 USD
  Expenses:Taxes:Y2023:US:Medicare                 106.62 USD
  Expenses:Taxes:Y2023:US:Federal                 1062.92 USD
  Expenses:Taxes:Y2023:US:State                    365.08 USD
  Expenses:Taxes:Y2023:US:CityNYC                  174.92 USD
  Expenses:Taxes:Y2023:US:SDI                        1.12 USD
  Expenses:Taxes:Y2023:US:SocSec                   281.54 USD
  Assets:US:Federal:PreTax401k                   -1200.00 IRAUSD
  Expenses:Taxes:Y2023:US:Federal:PreTax401k      1200.00 IRAUSD
  Assets:US:BayBook:Vacation                            5 VACHR
  Income:US:BayBook:Vacation                           -5 VACHR

2023-02-02 * "BayBook" "Payroll"
  Assets:US:BofA:Checking                         1350.60 USD
  Assets:US:Vanguard:Cash                         1200.00 USD
  Income:US:BayBook:Salary                       -4615.38 USD
  Income:US:BayBook:GroupTermLife                  -24.32 USD
  Expenses:Health:Life:GroupTermLife                24.32 USD
  Expenses:Health:Dental:Insurance                   2.90 USD
  Expenses:Health:Medical:Insurance                 27.38 USD
  Expenses:Health:Vision:Insurance                  42.30 USD
  Expenses:Taxes:Y2023:US:Medicare                 106.62 USD
  Expenses:Taxes:Y2023:US:Federal                 1062.92 USD
  Expenses:Taxes:Y2023:US:State                    365.08 USD
  Expenses:Taxes:Y2023:US:CityNYC                  174.92 USD
  Expenses:Taxes:Y2023:US:SDI                        1.12 USD
  Expenses:Taxes:Y2023:US:SocSec                   281.54 USD
  Assets:US:Federal:PreTax401k                   -1200.00 IRAUSD
  Expenses:Taxes:Y2023:US:Federal:PreTax401k      1200.00 IRAUSD
  Assets:US:BayBook:Vacation                            5 VACHR
  Income:US:BayBook:Vacation                           -5 VACHR

2023-02-16 * "BayBook" "Payroll"
  Assets:US:BofA:Checking                         1350.60 USD
  Assets:US:Vanguard:Cash                         1200.00 USD
  Income:US:BayBook:Salary                       -4615.38 USD
  Income:US:BayBook:GroupTermLife                  -24.32 USD
  Expenses:Health:Life:GroupTermLife                24.32 USD
  Expenses:Health:Dental:Insurance                   2.90 USD
  Expenses:Health:Medical:Insurance                 27.38 USD
  Expenses:Health:Vision:Insurance                  42.30 USD
  Expenses:Taxes:Y2023:US:Medicare                 106.62 USD
  Expenses:Taxes:Y2023:US:Federal                 1062.92 USD
  Expenses:Taxes:Y2023:US:State                    365.08 USD
  Expenses:Taxes:Y2023:US:CityNYC                  174.92 USD
  Expenses:Taxes:Y2023:US:SDI                        1.12 USD
  Expenses:Taxes:Y2023:US:SocSec                   281.54 USD
  Assets:US:Federal:PreTax401k                   -1200.00 IRAUSD
  Expenses:Taxes:Y2023:US:Federal:PreTax401k      1200.00 IRAUSD
  Assets:US:BayBook:Vacation                            5 VACHR
  Income:US:BayBook:Vacation                           -5 VACHR

2023-03-02 * "BayBook" "Payroll"
  Assets:US:BofA:Checking                         1350.60 USD
  Assets:US:Vanguard:Cash                         1200.00 USD
  Income:US:BayBook:Salary                       -4615.38 USD
  Income:US:BayBook:GroupTermLife                  -24.32 USD
  Expenses:Health:Life:GroupTermLife                24.32 USD
  Expenses:Health:Dental:Insurance                   2.90 USD
  Expenses:Health:Medical:Insurance                 27.38 USD
  Expenses:Health:Vision:Insurance                  42.30 USD
  Expenses:Taxes:Y2023:US:Medicare                 106.62 USD
  Expenses:Taxes:Y2023:US:Federal                 1062.92 USD
  Expenses:Taxes:Y2023:US:State                    365.08 USD
  Expenses:Taxes:Y2023:US:CityNYC                  174.92 USD
  Expenses:Taxes:Y2023:US:SDI                        1.12 USD
  Expenses:Taxes:Y2023:US:SocSec                   281.54 USD
  Assets:US:Federal:PreTax401k                   -1200.00 IRAUSD
  Expenses:Taxes:Y2023:US:Federal:PreTax401k      1200.00 IRAUSD
  Assets:US:BayBook:Vacation                            5 VACHR
  Income:US:BayBook:Vacation                           -5 VACHR

2023-03-16 * "BayBook" "Payroll"
  Assets:US:BofA:Checking                         1350.60 USD
  Assets:US:Vanguard:Cash                         1200.00 USD
  Income:US:BayBook:Salary                       -4615.38 USD
  Income:US:BayBook:GroupTermLife                  -24.32 USD
  Expenses:Health:Life:GroupTermLife                24.32 USD
  Expenses:Health:Dental:Insurance                   2.90 USD
  Expenses:Health:Medical:Insurance                 27.38 USD
  Expenses:Health:Vision:Insurance                  42.30 USD
  Expenses:Taxes:Y2023:US:Medicare                 106.62 USD
  Expenses:Taxes:Y2023:US:Federal                 1062.92 USD
  Expenses:Taxes:Y2023:US:State                    365.08 USD
  Expenses:Taxes:Y2023:US:CityNYC                  174.92 USD
  Expenses:Taxes:Y2023:US:SDI                        1.12 USD
  Expenses:Taxes:Y2023:US:SocSec                   281.54 USD
  Assets:US:Federal:PreTax401k                   -1200.00 IRAUSD
  Expenses:Taxes:Y2023:US:Federal:PreTax401k      1200.00 IRAUSD
  Assets:US:BayBook:Vacation                            5 VACHR
  Income:US:BayBook:Vacation                           -5 VACHR

2023-03-30 * "BayBook" "Payroll"
  Assets:US:BofA:Checking                         1350.60 USD
  Assets:US:Vanguard:Cash                         1200.00 USD
  Income:US:BayBook:Salary                       -4615.38 USD
  Income:US:BayBook:GroupTermLife                  -24.32 USD
  Expenses:Health:Life:GroupTermLife                24.32 USD
  Expenses:Health:Dental:Insurance                   2.90 USD
  Expenses:Health:Medical:Insurance                 27.38 USD
  Expenses:Health:Vision:Insurance                  42.30 USD
  Expenses:Taxes:Y2023:US:Medicare                 106.62 USD
  Expenses:Taxes:Y2023:US:Federal                 1062.92 USD
  Expenses:Taxes:Y2023:US:State                    365.08 USD
  Expenses:Taxes:Y2023:US:CityNYC                  174.92 USD
  Expenses:Taxes:Y2023:US:SDI                        1.12 USD
  Expenses:Taxes:Y2023:US:SocSec                   281.54 USD
  Assets:US:Federal:PreTax401k                   -1200.00 IRAUSD
  Expenses:Taxes:Y2023:US:Federal:PreTax401k      1200.00 IRAUSD
  Assets:US:BayBook:Vacation                            5 VACHR
  Income:US:BayBook:Vacation                           -5 VACHR

2023-04-13 * "BayBook" "Payroll"
  Assets:US:BofA:Checking                         1350.60 USD
  Assets:US:Vanguard:Cash                         1200.00 USD
  Income:US:BayBook:Salary                       -4615.38 USD
  Income:US:BayBook:GroupTermLife                  -24.32 USD
  Expenses:Health:Life:GroupTermLife                24.32 USD
  Expenses:Health:Dental:Insurance                   2.90 USD
  Expenses:Health:Medical:Insurance                 27.38 USD
  Expenses:Health:Vision:Insurance                  42.30 USD
  Expenses:Taxes:Y2023:US:Medicare                 106.62 USD
  Expenses:Taxes:Y2023:US:Federal                 1062.92 USD
  Expenses:Taxes:Y2023:US:State                    365.08 USD
  Expenses:Taxes:Y2023:US:CityNYC                  174.92 USD
  Expenses:Taxes:Y2023:US:SDI                        1.12 USD
  Expenses:Taxes:Y2023:US:SocSec                   281.54 USD
  Assets:US:Federal:PreTax401k                   -1200.00 IRAUSD
  Expenses:Taxes:Y2023:US:Federal:PreTax401k      1200.00 IRAUSD
  Assets:US:BayBook:Vacation                            5 VACHR
  Income:US:BayBook:Vacation                           -5 VACHR

2023-04-27 * "BayBook" "Payroll"
  Assets:US:BofA:Checking                         1350.60 USD
  Assets:US:Vanguard:Cash                         1200.00 USD
  Income:US:BayBook:Salary                       -4615.38 USD
  Income:US:BayBook:GroupTermLife                  -24.32 USD
  Expenses:Health:Life:GroupTermLife                24.32 USD
  Expenses:Health:Dental:Insurance                   2.90 USD
  Expenses:Health:Medical:Insurance                 27.38 USD
  Expenses:Health:Vision:Insurance                  42.30 USD
  Expenses:Taxes:Y2023:US:Medicare                 106.62 USD
  Expenses:Taxes:Y2023:US:Federal                 1062.92 USD
  Expenses:Taxes:Y2023:US:State                    365.08 USD
  Expenses:Taxes:Y2023:US:CityNYC                  174.92 USD
  Expenses:Taxes:Y2023:US:SDI                        1.12 USD
  Expenses:Taxes:Y2023:US:SocSec                   281.54 USD
  Assets:US:Federal:PreTax401k                   -1200.00 IRAUSD
  Expenses:Taxes:Y2023:US:Federal:PreTax401k      1200.00 IRAUSD
  Assets:US:BayBook:Vacation                            5 VACHR
  Income:US:BayBook:Vacation                           -5 VACHR

2023-05-11 * "BayBook" "Payroll"
  Assets:US:BofA:Checking                         1350.60 USD
  Assets:US:Vanguard:Cash                         1200.00 USD
  Income:US:BayBook:Salary                       -4615.38 USD
  Income:US:BayBook:GroupTermLife                  -24.32 USD
  Expenses:Health:Life:GroupTermLife                24.32 USD
  Expenses:Health:Dental:Insurance                   2.90 USD
  Expenses:Health:Medical:Insurance                 27.38 USD
  Expenses:Health:Vision:Insurance                  42.30 USD
  Expenses:Taxes:Y2023:US:Medicare                 106.62 USD
  Expenses:Taxes:Y2023:US:Federal                 1062.92 USD
  Expenses:Taxes:Y2023:US:State                    365.08 USD
  Expenses:Taxes:Y2023:US:CityNYC                  174.92 USD
  Expenses:Taxes:Y2023:US:SDI                        1.12 USD
  Expenses:Taxes:Y2023:US:SocSec                   281.54 USD
  Assets:US:Federal:PreTax401k                   -1200.00 IRAUSD
  Expenses:Taxes:Y2023:US:Federal:PreTax401k      1200.00 IRAUSD
  Assets:US:BayBook:Vacation                            5 VACHR
  Income:US:BayBook:Vacation                           -5 VACHR

2023-05-25 * "BayBook" "Payroll"
  Assets:US:BofA:Checking                         1350.60 USD
  Assets:US:Vanguard:Cash                         1200.00 USD
  Income:US:BayBook:Salary                       -4615.38 USD
  Income:US:BayBook:GroupTermLife                  -24.32 USD
  Expenses:Health:Life:GroupTermLife                24.32 USD
  Expenses:Health:Dental:Insurance                   2.90 USD
  Expenses:Health:Medical:Insurance                 27.38 USD
  Expenses:Health:Vision:Insurance                  42.30 USD
  Expenses:Taxes:Y2023:US:Medicare                 106.62 USD
  Expenses:Taxes:Y2023:US:Federal                 1062.92 USD
  Expenses:Taxes:Y2023:US:State                    365.08 USD
  Expenses:Taxes:Y2023:US:CityNYC                  174.92 USD
  Expenses:Taxes:Y2023:US:SDI                        1.12 USD
  Expenses:Taxes:Y2023:US:SocSec                   281.54 USD
  Assets:US:Federal:PreTax401k                   -1200.00 IRAUSD
  Expenses:Taxes:Y2023:US:Federal:PreTax401k      1200.00 IRAUSD
  Assets:US:BayBook:Vacation                            5 VACHR
  Income:US:BayBook:Vacation                           -5 VACHR

2023-06-08 * "BayBook" "Payroll"
  Assets:US:BofA:Checking                         1350.60 USD
  Assets:US:Vanguard:Cash                         1200.00 USD
  Income:US:BayBook:Salary                       -4615.38 USD
  Income:US:BayBook:GroupTermLife                  -24.32 USD
  Expenses:Health:Life:GroupTermLife                24.32 USD
  Expenses:Health:Dental:Insurance                   2.90 USD
  Expenses:Health:Medical:Insurance                 27.38 USD
  Expenses:Health:Vision:Insurance                  42.30 USD
  Expenses:Taxes:Y2023:US:Medicare                 106.62 USD
  Expenses:Taxes:Y2023:US:Federal                 1062.92 USD
  Expenses:Taxes:Y2023:US:State                    365.08 USD
  Expenses:Taxes:Y2023:US:CityNYC                  174.92 USD
  Expenses:Taxes:Y2023:US:SDI                        1.12 USD
  Expenses:Taxes:Y2023:US:SocSec                   281.54 USD
  Assets:US:Federal:PreTax401k                   -1200.00 IRAUSD
  Expenses:Taxes:Y2023:US:Federal:PreTax401k      1200.00 IRAUSD
  Assets:US:BayBook:Vacation                            5 VACHR
  Income:US:BayBook:Vacation                           -5 VACHR

2023-06-22 * "BayBook" "Payroll"
  Assets:US:BofA:Checking                         1350.60 USD
  Assets:US:Vanguard:Cash                         1200.00 USD
  Income:US:BayBook:Salary                       -4615.38 USD
  Income:US:BayBook:GroupTermLife                  -24.32 USD
  Expenses:Health:Life:GroupTermLife                24.32 USD
  Expenses:Health:Dental:Insurance                   2.90 USD
  Expenses:Health:Medical:Insurance                 27.38 USD
  Expenses:Health:Vision:Insurance                  42.30 USD
  Expenses:Taxes:Y2023:US:Medicare                 106.62 USD
  Expenses:Taxes:Y2023:US:Federal                 1062.92 USD
  Expenses:Taxes:Y2023:US:State                    365.08 USD
  Expenses:Taxes:Y2023:US:CityNYC                  174.92 USD
  Expenses:Taxes:Y2023:US:SDI                        1.12 USD
  Expenses:Taxes:Y2023:US:SocSec                   281.54 USD
  Assets:US:Federal:PreTax401k                   -1200.00 IRAUSD
  Expenses:Taxes:Y2023:US:Federal:PreTax401k      1200.00 IRAUSD
  Assets:US:BayBook:Vacation                            5 VACHR
  Income:US:BayBook:Vacation                           -5 VACHR

2023-07-06 * "BayBook" "Payroll"
  Assets:US:BofA:Checking                         1350.60 USD
  Assets:US:Vanguard:Cash                         1200.00 USD
  Income:US:BayBook:Salary                       -4615.38 USD
  Income:US:BayBook:GroupTermLife                  -24.32 USD
  Expenses:Health:Life:GroupTermLife                24.32 USD
  Expenses:Health:Dental:Insurance                   2.90 USD
  Expenses:Health:Medical:Insurance                 27.38 USD
  Expenses:Health:Vision:Insurance                  42.30 USD
  Expenses:Taxes:Y2023:US:Medicare                 106.62 USD
  Expenses:Taxes:Y2023:US:Federal                 1062.92 USD
  Expenses:Taxes:Y2023:US:State                    365.08 USD
  Expenses:Taxes:Y2023:US:CityNYC                  174.92 USD
  Expenses:Taxes:Y2023:US:SDI                        1.12 USD
  Expenses:Taxes:Y2023:US:SocSec                   281.54 USD
  Assets:US:Federal:PreTax401k                   -1200.00 IRAUSD
  Expenses:Taxes:Y2023:US:Federal:PreTax401k      1200.00 IRAUSD
  Assets:US:BayBook:Vacation                            5 VACHR
  Income:US:BayBook:Vacation                           -5 VACHR

2023-07-20 * "BayBook" "Payroll"
  Assets:US:BofA:Checking                         1350.60 USD
  Assets:US:Vanguard:Cash                         1200.00 USD
  Income:US:BayBook:Salary                       -4615.38 USD
  Income:US:BayBook:GroupTermLife                  -24.32 USD
  Expenses:Health:Life:GroupTermLife                24.32 USD
  Expenses:Health:Dental:Insurance                   2.90 USD
  Expenses:Health:Medical:Insurance                 27.38 USD
  Expenses:Health:Vision:Insurance                  42.30 USD
  Expenses:Taxes:Y2023:US:Medicare                 106.62 USD
  Expenses:Taxes:Y2023:US:Federal                 1062.92 USD
  Expenses:Taxes:Y2023:US:State                    365.08 USD
  Expenses:Taxes:Y2023:US:CityNYC                  174.92 USD
  Expenses:Taxes:Y2023:US:SDI                        1.12 USD
  Expenses:Taxes:Y2023:US:SocSec                   281.54 USD
  Assets:US:Federal:PreTax401k                   -1200.00 IRAUSD
  Expenses:Taxes:Y2023:US:Federal:PreTax401k      1200.00 IRAUSD
  Assets:US:BayBook:Vacation                            5 VACHR
  Income:US:BayBook:Vacation                           -5 VACHR

2023-08-03 * "BayBook" "Payroll"
  Assets:US:BofA:Checking                         2050.60 USD
  Assets:US:Vanguard:Cash                          500.00 USD
  Income:US:BayBook:Salary                       -4615.38 USD
  Income:US:BayBook:GroupTermLife                  -24.32 USD
  Expenses:Health:Life:GroupTermLife                24.32 USD
  Expenses:Health:Dental:Insurance                   2.90 USD
  Expenses:Health:Medical:Insurance                 27.38 USD
  Expenses:Health:Vision:Insurance                  42.30 USD
  Expenses:Taxes:Y2023:US:Medicare                 106.62 USD
  Expenses:Taxes:Y2023:US:Federal                 1062.92 USD
  Expenses:Taxes:Y2023:US:State                    365.08 USD
  Expenses:Taxes:Y2023:US:CityNYC                  174.92 USD
  Expenses:Taxes:Y2023:US:SDI                        1.12 USD
  Expenses:Taxes:Y2023:US:SocSec                   281.54 USD
  Assets:US:Federal:PreTax401k                    -500.00 IRAUSD
  Expenses:Taxes:Y2023:US:Federal:PreTax401k       500.00 IRAUSD
  Assets:US:BayBook:Vacation                            5 VACHR
  Income:US:BayBook:Vacation                           -5 VACHR

2023-08-17 * "BayBook" "Payroll"
  Assets:US:BofA:Checking                         2550.60 USD
  Income:US:BayBook:Salary                       -4615.38 USD
  Income:US:BayBook:GroupTermLife                  -24.32 USD
  Expenses:Health:Life:GroupTermLife                24.32 USD
  Expenses:Health:Dental:Insurance                   2.90 USD
  Expenses:Health:Medical:Insurance                 27.38 USD
  Expenses:Health:Vision:Insurance                  42.30 USD
  Expenses:Taxes:Y2023:US:Medicare                 106.62 USD
  Expenses:Taxes:Y2023:US:Federal                 1062.92 USD
  Expenses:Taxes:Y2023:US:State                    365.08 USD
  Expenses:Taxes:Y2023:US:CityNYC                  174.92 USD
  Expenses:Taxes:Y2023:US:SDI                        1.12 USD
  Expenses:Taxes:Y2023:US:SocSec                   281.54 USD
  Assets:US:Federal:PreTax401k                       0.00 IRAUSD
  Assets:US:BayBook:Vacation                            5 VACHR
  Income:US:BayBook:Vacation                           -5 VACHR

2023-08-31 * "BayBook" "Payroll"
  Assets:US:BofA:Checking                         2550.60 USD
  Income:US:BayBook:Salary                       -4615.38 USD
  Income:US:BayBook:GroupTermLife                  -24.32 USD
  Expenses:Health:Life:GroupTermLife                24.32 USD
  Expenses:Health:Dental:Insurance                   2.90 USD
  Expenses:Health:Medical:Insurance                 27.38 USD
  Expenses:Health:Vision:Insurance                  42.30 USD
  Expenses:Taxes:Y2023:US:Medicare                 106.62 USD
  Expenses:Taxes:Y2023:US:Federal                 1062.92 USD
  Expenses:Taxes:Y2023:US:State                    365.08 USD
  Expenses:Taxes:Y2023:US:CityNYC                  174.92 USD
  Expenses:Taxes:Y2023:US:SDI                        1.12 USD
  Expenses:Taxes:Y2023:US:SocSec                   281.54 USD
  Assets:US:Federal:PreTax401k                       0.00 IRAUSD
  Assets:US:BayBook:Vacation                            5 VACHR
  Income:US:BayBook:Vacation                           -5 VACHR

2023-09-14 * "BayBook" "Payroll"
  Assets:US:BofA:Checking                         2550.60 USD
  Income:US:BayBook:Salary                       -4615.38 USD
  Income:US:BayBook:GroupTermLife                  -24.32 USD
  Expenses:Health:Life:GroupTermLife                24.32 USD
  Expenses:Health:Dental:Insurance                   2.90 USD
  Expenses:Health:Medical:Insurance                 27.38 USD
  Expenses:Health:Vision:Insurance                  42.30 USD
  Expenses:Taxes:Y2023:US:Medicare                 106.62 USD
  Expenses:Taxes:Y2023:US:Federal                 1062.92 USD
  Expenses:Taxes:Y2023:US:State                    365.08 USD
  Expenses:Taxes:Y2023:US:CityNYC                  174.92 USD
  Expenses:Taxes:Y2023:US:SDI                        1.12 USD
  Expenses:Taxes:Y2023:US:SocSec                   281.54 USD
  Assets:US:Federal:PreTax401k                       0.00 IRAUSD
  Assets:US:BayBook:Vacation                            5 VACHR
  Income:US:BayBook:Vacation                           -5 VACHR

2023-09-28 * "BayBook" "Payroll"
  Assets:US:BofA:Checking                         2550.60 USD
  Income:US:BayBook:Salary                       -4615.38 USD
  Income:US:BayBook:GroupTermLife                  -24.32 USD
  Expenses:Health:Life:GroupTermLife                24.32 USD
  Expenses:Health:Dental:Insurance                   2.90 USD
  Expenses:Health:Medical:Insurance                 27.38 USD
  Expenses:Health:Vision:Insurance                  42.30 USD
  Expenses:Taxes:Y2023:US:Medicare                 106.62 USD
  Expenses:Taxes:Y2023:US:Federal                 1062.92 USD
  Expenses:Taxes:Y2023:US:State                    365.08 USD
  Expenses:Taxes:Y2023:US:CityNYC                  174.92 USD
  Expenses:Taxes:Y2023:US:SDI                        1.12 USD
  Expenses:Taxes:Y2023:US:SocSec                   281.54 USD
  Assets:US:Federal:PreTax401k                       0.00 IRAUSD
  Assets:US:BayBook:Vacation                            5 VACHR
  Income:US:BayBook:Vacation                           -5 VACHR

2023-10-12 * "BayBook" "Payroll"
  Assets:US:BofA:Checking                         2550.60 USD
  Income:US:BayBook:Salary                       -4615.38 USD
  Income:US:BayBook:GroupTermLife                  -24.32 USD
  Expenses:Health:Life:GroupTermLife                24.32 USD
  Expenses:Health:Dental:Insurance                   2.90 USD
  Expenses:Health:Medical:Insurance                 27.38 USD
  Expenses:Health:Vision:Insurance                  42.30 USD
  Expenses:Taxes:Y2023:US:Medicare                 106.62 USD
  Expenses:Taxes:Y2023:US:Federal                 1062.92 USD
  Expenses:Taxes:Y2023:US:State                    365.08 USD
  Expenses:Taxes:Y2023:US:CityNYC                  174.92 USD
  Expenses:Taxes:Y2023:US:SDI                        1.12 USD
  Expenses:Taxes:Y2023:US:SocSec                   281.54 USD
  Assets:US:Federal:PreTax401k                       0.00 IRAUSD
  Assets:US:BayBook:Vacation                            5 VACHR
  Income:US:BayBook:Vacation                           -5 VACHR

2023-10-26 * "BayBook" "Payroll"
  Assets:US:BofA:Checking                         2550.60 USD
  Income:US:BayBook:Salary                       -4615.38 USD
  Income:US:BayBook:GroupTermLife                  -24.32 USD
  Expenses:Health:Life:GroupTermLife                24.32 USD
  Expenses:Health:Dental:Insurance                   2.90 USD
  Expenses:Health:Medical:Insurance                 27.38 USD
  Expenses:Health:Vision:Insurance                  42.30 USD
  Expenses:Taxes:Y2023:US:Medicare                 106.62 USD
  Expenses:Taxes:Y2023:US:Federal                 1062.92 USD
  Expenses:Taxes:Y2023:US:State                    365.08 USD
  Expenses:Taxes:Y2023:US:CityNYC                  174.92 USD
  Expenses:Taxes:Y2023:US:SDI                        1.12 USD
  Expenses:Taxes:Y2023:US:SocSec                   281.54 USD
  Assets:US:Federal:PreTax401k                       0.00 IRAUSD
  Assets:US:BayBook:Vacation                            5 VACHR
  Income:US:BayBook:Vacation                           -5 VACHR

2023-11-09 * "BayBook" "Payroll"
  Assets:US:BofA:Checking                         2550.60 USD
  Income:US:BayBook:Salary                       -4615.38 USD
  Income:US:BayBook:GroupTermLife                  -24.32 USD
  Expenses:Health:Life:GroupTermLife                24.32 USD
  Expenses:Health:Dental:Insurance                   2.90 USD
  Expenses:Health:Medical:Insurance                 27.38 USD
  Expenses:Health:Vision:Insurance                  42.30 USD
  Expenses:Taxes:Y2023:US:Medicare                 106.62 USD
  Expenses:Taxes:Y2023:US:Federal                 1062.92 USD
  Expenses:Taxes:Y2023:US:State                    365.08 USD
  Expenses:Taxes:Y2023:US:CityNYC                  174.92 USD
  Expenses:Taxes:Y2023:US:SDI                        1.12 USD
  Expenses:Taxes:Y2023:US:SocSec                   281.54 USD
  Assets:US:Federal:PreTax401k                       0.00 IRAUSD
  Assets:US:BayBook:Vacation                            5 VACHR
  Income:US:BayBook:Vacation                           -5 VACHR

2023-11-23 * "BayBook" "Payroll"
  Assets:US:BofA:Checking                         2550.60 USD
  Income:US:BayBook:Salary                       -4615.38 USD
  Income:US:BayBook:GroupTermLife                  -24.32 USD
  Expenses:Health:Life:GroupTermLife                24.32 USD
  Expenses:Health:Dental:Insurance                   2.90 USD
  Expenses:Health:Medical:Insurance                 27.38 USD
  Expenses:Health:Vision:Insurance                  42.30 USD
  Expenses:Taxes:Y2023:US:Medicare                 106.62 USD
  Expenses:Taxes:Y2023:US:Federal                 1062.92 USD
  Expenses:Taxes:Y2023:US:State                    365.08 USD
  Expenses:Taxes:Y2023:US:CityNYC                  174.92 USD
  Expenses:Taxes:Y2023:US:SDI                        1.12 USD
  Expenses:Taxes:Y2023:US:SocSec                   281.54 USD
  Assets:US:Federal:PreTax401k                       0.00 IRAUSD
  Assets:US:BayBook:Vacation                            5 VACHR
  Income:US:BayBook:Vacation                           -5 VACHR

2023-12-07 * "BayBook" "Payroll"
  Assets:US:BofA:Checking                         2589.06 USD
  Income:US:BayBook:Salary                       -4615.38 USD
  Income:US:BayBook:GroupTermLife                  -24.32 USD
  Expenses:Health:Life:GroupTermLife                24.32 USD
  Expenses:Health:Dental:Insurance                   2.90 USD
  Expenses:Health:Medical:Insurance                 27.38 USD
  Expenses:Health:Vision:Insurance                  42.30 USD
  Expenses:Taxes:Y2023:US:Medicare                 106.62 USD
  Expenses:Taxes:Y2023:US:Federal                 1062.92 USD
  Expenses:Taxes:Y2023:US:State                    365.08 USD
  Expenses:Taxes:Y2023:US:CityNYC                  174.92 USD
  Expenses:Taxes:Y2023:US:SDI                        1.12 USD
  Expenses:Taxes:Y2023:US:SocSec                   243.08 USD
  Assets:US:Federal:PreTax401k                       0.00 IRAUSD
  Assets:US:BayBook:Vacation                            5 VACHR
  Income:US:BayBook:Vacation                           -5 VACHR

2023-12-21 * "BayBook" "Payroll"
  Assets:US:BofA:Checking                         2832.14 USD
  Income:US:BayBook:Salary                       -4615.38 USD
  Income:US:BayBook:GroupTermLife                  -24.32 USD
  Expenses:Health:Life:GroupTermLife                24.32 USD
  Expenses:Health:Dental:Insurance                   2.90 USD
  Expenses:Health:Medical:Insurance                 27.38 USD
  Expenses:Health:Vision:Insurance                  42.30 USD
  Expenses:Taxes:Y2023:US:Medicare                 106.62 USD
  Expenses:Taxes:Y2023:US:Federal                 1062.92 USD
  Expenses:Taxes:Y2023:US:State                    365.08 USD
  Expenses:Taxes:Y2023:US:CityNYC                  174.92 USD
  Expenses:Taxes:Y2023:US:SDI                        1.12 USD
  Expenses:Taxes:Y2023:US:SocSec                     0.00 USD
  Assets:US:Federal:PreTax401k                       0.00 IRAUSD
  Assets:US:BayBook:Vacation                            5 VACHR
  Income:US:BayBook:Vacation                           -5 VACHR

2024-01-04 * "BayBook" "Payroll"
  Assets:US:BofA:Checking                         1350.60 USD
  Assets:US:Vanguard:Cash                         1200.00 USD
  Income:US:BayBook:Salary                       -4615.38 USD
  Income:US:BayBook:GroupTermLife                  -24.32 USD
  Expenses:Health:Life:GroupTermLife                24.32 USD
  Expenses:Health:Dental:Insurance                   2.90 USD
  Expenses:Health:Medical:Insurance                 27.38 USD
  Expenses:Health:Vision:Insurance                  42.30 USD
  Expenses:Taxes:Y2024:US:Medicare                 106.62 USD
  Expenses:Taxes:Y2024:US:Federal                 1062.92 USD
  Expenses:Taxes:Y2024:US:State                    365.08 USD
  Expenses:Taxes:Y2024:US:CityNYC                  174.92 USD
  Expenses:Taxes:Y2024:US:SDI                        1.12 USD
  Expenses:Taxes:Y2024:US:SocSec                   281.54 USD
  Assets:US:Federal:PreTax401k                   -1200.00 IRAUSD
  Expenses:Taxes:Y2024:US:Federal:PreTax401k      1200.00 IRAUSD
  Assets:US:BayBook:Vacation                            5 VACHR
  Income:US:BayBook:Vacation                           -5 VACHR

2024-01-18 * "BayBook" "Payroll"
  Assets:US:BofA:Checking                         1350.60 USD
  Assets:US:Vanguard:Cash                         1200.00 USD
  Income:US:BayBook:Salary                       -4615.38 USD
  Income:US:BayBook:GroupTermLife                  -24.32 USD
  Expenses:Health:Life:GroupTermLife                24.32 USD
  Expenses:Health:Dental:Insurance                   2.90 USD
  Expenses:Health:Medical:Insurance                 27.38 USD
  Expenses:Health:Vision:Insurance                  42.30 USD
  Expenses:Taxes:Y2024:US:Medicare                 106.62 USD
  Expenses:Taxes:Y2024:US:Federal                 1062.92 USD
  Expenses:Taxes:Y2024:US:State                    365.08 USD
  Expenses:Taxes:Y2024:US:CityNYC                  174.92 USD
  Expenses:Taxes:Y2024:US:SDI                        1.12 USD
  Expenses:Taxes:Y2024:US:SocSec                   281.54 USD
  Assets:US:Federal:PreTax401k                   -1200.00 IRAUSD
  Expenses:Taxes:Y2024:US:Federal:PreTax401k      1200.00 IRAUSD
  Assets:US:BayBook:Vacation                            5 VACHR
  Income:US:BayBook:Vacation                           -5 VACHR

2024-02-01 * "BayBook" "Payroll"
  Assets:US:BofA:Checking                         1350.60 USD
  Assets:US:Vanguard:Cash                         1200.00 USD
  Income:US:BayBook:Salary                       -4615.38 USD
  Income:US:BayBook:GroupTermLife                  -24.32 USD
  Expenses:Health:Life:GroupTermLife                24.32 USD
  Expenses:Health:Dental:Insurance                   2.90 USD
  Expenses:Health:Medical:Insurance                 27.38 USD
  Expenses:Health:Vision:Insurance                  42.30 USD
  Expenses:Taxes:Y2024:US:Medicare                 106.62 USD
  Expenses:Taxes:Y2024:US:Federal                 1062.92 USD
  Expenses:Taxes:Y2024:US:State                    365.08 USD
  Expenses:Taxes:Y2024:US:CityNYC                  174.92 USD
  Expenses:Taxes:Y2024:US:SDI                        1.12 USD
  Expenses:Taxes:Y2024:US:SocSec                   281.54 USD
  Assets:US:Federal:PreTax401k                   -1200.00 IRAUSD
  Expenses:Taxes:Y2024:US:Federal:PreTax401k      1200.00 IRAUSD
  Assets:US:BayBook:Vacation                            5 VACHR
  Income:US:BayBook:Vacation                           -5 VACHR

2024-02-15 * "BayBook" "Payroll"
  Assets:US:BofA:Checking                         1350.60 USD
  Assets:US:Vanguard:Cash                         1200.00 USD
  Income:US:BayBook:Salary                       -4615.38 USD
  Income:US:BayBook:GroupTermLife                  -24.32 USD
  Expenses:Health:Life:GroupTermLife                24.32 USD
  Expenses:Health:Dental:Insurance                   2.90 USD
  Expenses:Health:Medical:Insurance                 27.38 USD
  Expenses:Health:Vision:Insurance                  42.30 USD
  Expenses:Taxes:Y2024:US:Medicare                 106.62 USD
  Expenses:Taxes:Y2024:US:Federal                 1062.92 USD
  Expenses:Taxes:Y2024:US:State                    365.08 USD
  Expenses:Taxes:Y2024:US:CityNYC                  174.92 USD
  Expenses:Taxes:Y2024:US:SDI                        1.12 USD
  Expenses:Taxes:Y2024:US:SocSec                   281.54 USD
  Assets:US:Federal:PreTax401k                   -1200.00 IRAUSD
  Expenses:Taxes:Y2024:US:Federal:PreTax401k      1200.00 IRAUSD
  Assets:US:BayBook:Vacation                            5 VACHR
  Income:US:BayBook:Vacation                           -5 VACHR

2024-02-29 * "BayBook" "Payroll"
  Assets:US:BofA:Checking                         1350.60 USD
  Assets:US:Vanguard:Cash                         1200.00 USD
  Income:US:BayBook:Salary                       -4615.38 USD
  Income:US:BayBook:GroupTermLife                  -24.32 USD
  Expenses:Health:Life:GroupTermLife                24.32 USD
  Expenses:Health:Dental:Insurance                   2.90 USD
  Expenses:Health:Medical:Insurance                 27.38 USD
  Expenses:Health:Vision:Insurance                  42.30 USD
  Expenses:Taxes:Y2024:US:Medicare                 106.62 USD
  Expenses:Taxes:Y2024:US:Federal                 1062.92 USD
  Expenses:Taxes:Y2024:US:State                    365.08 USD
  Expenses:Taxes:Y2024:US:CityNYC                  174.92 USD
  Expenses:Taxes:Y2024:US:SDI                        1.12 USD
  Expenses:Taxes:Y2024:US:SocSec                   281.54 USD
  Assets:US:Federal:PreTax401k                   -1200.00 IRAUSD
  Expenses:Taxes:Y2024:US:Federal:PreTax401k      1200.00 IRAUSD
  Assets:US:BayBook:Vacation                            5 VACHR
  Income:US:BayBook:Vacation                           -5 VACHR

2024-03-14 * "BayBook" "Payroll"
  Assets:US:BofA:Checking                         1350.60 USD
  Assets:US:Vanguard:Cash                         1200.00 USD
  Income:US:BayBook:Salary                       -4615.38 USD
  Income:US:BayBook:GroupTermLife                  -24.32 USD
  Expenses:Health:Life:GroupTermLife                24.32 USD
  Expenses:Health:Dental:Insurance                   2.90 USD
  Expenses:Health:Medical:Insurance                 27.38 USD
  Expenses:Health:Vision:Insurance                  42.30 USD
  Expenses:Taxes:Y2024:US:Medicare                 106.62 USD
  Expenses:Taxes:Y2024:US:Federal                 1062.92 USD
  Expenses:Taxes:Y2024:US:State                    365.08 USD
  Expenses:Taxes:Y2024:US:CityNYC                  174.92 USD
  Expenses:Taxes:Y2024:US:SDI                        1.12 USD
  Expenses:Taxes:Y2024:US:SocSec                   281.54 USD
  Assets:US:Federal:PreTax401k                   -1200.00 IRAUSD
  Expenses:Taxes:Y2024:US:Federal:PreTax401k      1200.00 IRAUSD
  Assets:US:BayBook:Vacation                            5 VACHR
  Income:US:BayBook:Vacation                           -5 VACHR

2024-03-28 * "BayBook" "Payroll"
  Assets:US:BofA:Checking                         1350.60 USD
  Assets:US:Vanguard:Cash                         1200.00 USD
  Income:US:BayBook:Salary                       -4615.38 USD
  Income:US:BayBook:GroupTermLife                  -24.32 USD
  Expenses:Health:Life:GroupTermLife                24.32 USD
  Expenses:Health:Dental:Insurance                   2.90 USD
  Expenses:Health:Medical:Insurance                 27.38 USD
  Expenses:Health:Vision:Insurance                  42.30 USD
  Expenses:Taxes:Y2024:US:Medicare                 106.62 USD
  Expenses:Taxes:Y2024:US:Federal                 1062.92 USD
  Expenses:Taxes:Y2024:US:State                    365.08 USD
  Expenses:Taxes:Y2024:US:CityNYC                  174.92 USD
  Expenses:Taxes:Y2024:US:SDI                        1.12 USD
  Expenses:Taxes:Y2024:US:SocSec                   281.54 USD
  Assets:US:Federal:PreTax401k                   -1200.00 IRAUSD
  Expenses:Taxes:Y2024:US:Federal:PreTax401k      1200.00 IRAUSD
  Assets:US:BayBook:Vacation                            5 VACHR
  Income:US:BayBook:Vacation                           -5 VACHR



* Taxes

1980-05-12 open Income:US:Federal:PreTax401k                    IRAUSD
1980-05-12 open Assets:US:Federal:PreTax401k                    IRAUSD



** Tax Year 2022

2022-01-01 open Expenses:Taxes:Y2022:US:Federal:PreTax401k      IRAUSD
2022-01-01 open Expenses:Taxes:Y2022:US:Medicare                USD
2022-01-01 open Expenses:Taxes:Y2022:US:Federal                 USD
2022-01-01 open Expenses:Taxes:Y2022:US:CityNYC                 USD
2022-01-01 open Expenses:Taxes:Y2022:US:SDI                     USD
2022-01-01 open Expenses:Taxes:Y2022:US:State                   USD
2022-01-01 open Expenses:Taxes:Y2022:US:SocSec                  USD

2022-01-01 balance Assets:US:Federal:PreTax401k         0 IRAUSD

2022-01-01 * "Allowed contributions for one year"
  Income:US:Federal:PreTax401k                     -18500 IRAUSD
  Assets:US:Federal:PreTax401k                      18500 IRAUSD

2023-03-25 * "Filing taxes for 2022"
  Expenses:Taxes:Y2022:US:Federal                  252.31 USD
  Expenses:Taxes:Y2022:US:State                    336.91 USD
  Liabilities:AccountsPayable                     -589.22 USD

2023-03-25 * "STATE TAX & FINANC PYMT"
  Assets:US:BofA:Checking                         -336.91 USD
  Liabilities:AccountsPayable                      336.91 USD

2023-03-27 * "FEDERAL TAXPYMT"
  Assets:US:BofA:Checking                         -252.31 USD
  Liabilities:AccountsPayable                      252.31 USD



** Tax Year 2023

2023-01-01 open Expenses:Taxes:Y2023:US:Federal:PreTax401k      IRAUSD
2023-01-01 open Expenses:Taxes:Y2023:US:Medicare                USD
2023-01-01 open Expenses:Taxes:Y2023:US:Federal                 USD
2023-01-01 open Expenses:Taxes:Y2023:US:CityNYC                 USD
2023-01-01 open Expenses:Taxes:Y2023:US:SDI                     USD
2023-01-01 open Expenses:Taxes:Y2023:US:State                   USD
2023-01-01 open Expenses:Taxes:Y2023:US:SocSec                  USD

2023-01-01 balance Assets:US:Federal:PreTax401k         0 IRAUSD

2023-01-01 * "Allowed contributions for one year"
  Income:US:Federal:PreTax401k                     -18500 IRAUSD
  Assets:US:Federal:PreTax401k                      18500 IRAUSD

2024-03-20 * "Filing taxes for 2023"
  Expenses:Taxes:Y2023:US:Federal                  646.84 USD
  Expenses:Taxes:Y2023:US:State                    122.34 USD
  Liabilities:AccountsPayable                     -769.18 USD

2024-03-23 * "FEDERAL TAXPYMT"
  Assets:US:BofA:Checking                         -646.84 USD
  Liabilities:AccountsPayable                      646.84 USD

2024-03-24 * "STATE TAX & FINANC PYMT"
  Assets:US:BofA:Checking                         -122.34 USD
  Liabilities:AccountsPayable                      122.34 USD



** Tax Year 2024

2024-01-01 open Expenses:Taxes:Y2024:US:Federal:PreTax401k      IRAUSD
2024-01-01 open Expenses:Taxes:Y2024:US:Medicare                USD
2024-01-01 open Expenses:Taxes:Y2024:US:Federal                 USD
2024-01-01 open Expenses:Taxes:Y2024:US:CityNYC                 USD
2024-01-01 open Expenses:Taxes:Y2024:US:SDI                     USD
2024-01-01 open Expenses:Taxes:Y2024:US:State                   USD
2024-01-01 open Expenses:Taxes:Y2024:US:SocSec                  USD

2024-01-01 balance Assets:US:Federal:PreTax401k         0 IRAUSD

2024-01-01 * "Allowed contributions for one year"
  Income:US:Federal:PreTax401k                     -18500 IRAUSD
  Assets:US:Federal:PreTax401k                      18500 IRAUSD



* Expenses

1980-05-12 open Expenses:Food:Groceries
1980-05-12 open Expenses:Food:Restaurant
1980-05-12 open Expenses:Food:Coffee
1980-05-12 open Expenses:Food:Alcohol
1980-05-12 open Expenses:Transport:Tram
1980-05-12 open Expenses:Home:Rent
1980-05-12 open Expenses:Home:Electricity
1980-05-12 open Expenses:Home:Internet
1980-05-12 open Expenses:Home:Phone
1980-05-12 open Expenses:Financial:Fees
1980-05-12 open Expenses:Financial:Commissions



* Prices

2022-01-07 price VBMPX                             178.52 USD
2022-01-07 price RGAGX                              94.78 USD
2022-01-07 price ITOT                              139.64 USD
2022-01-07 price VEA                                69.67 USD
2022-01-07 price VHT                                45.00 USD
2022-01-07 price GLD                               186.94 USD
2022-01-14 price VBMPX                             181.53 USD
2022-01-14 price RGAGX                              94.16 USD
2022-01-14 price ITOT                              138.43 USD
2022-01-14 price VEA                                66.20 USD
2022-01-14 price VHT                                45.56 USD
2022-01-14 price GLD                               186.87 USD
2022-01-21 price VBMPX                             184.19 USD
2022-01-21 price RGAGX                              95.50 USD
2022-01-21 price ITOT                              131.57 USD
2022-01-21 price VEA                                64.37 USD
2022-01-21 price VHT                                45.36 USD
2022-01-21 price GLD                               187.56 USD
2022-01-28 price VBMPX                             184.05 USD
2022-01-28 price RGAGX                              95.21 USD
2022-01-28 price ITOT                              127.72 USD
2022-01-28 price VEA                                65.03 USD
2022-01-28 price VHT                                46.73 USD
2022-01-28 price GLD                               187.33 USD
2022-02-04 price VBMPX                             184.02 USD
2022-02-04 price RGAGX                              96.20 USD
2022-02-04 price ITOT                              127.04 USD
2022-02-04 price VEA                                65.69 USD
2022-02-04 price VHT                                46.70 USD
2022-02-04 price GLD                               188.37 USD
2022-02-11 price VBMPX                             181.80 USD
2022-02-11 price RGAGX                              95.43 USD
2022-02-11 price ITOT                              127.44 USD
2022-02-11 price VEA                                67.80 USD
2022-02-11 price VHT                                45.35 USD
2022-02-11 price GLD                               189.55 USD
2022-02-18 price VBMPX                             180.62 USD
2022-02-18 price RGAGX                              94.56 USD
2022-02-18 price ITOT                              123.79 USD
2022-02-18 price VEA                                68.54 USD
2022-02-18 price VHT                                44.72 USD
2022-02-18 price GLD                               189.49 USD
2022-02-25 price VBMPX                             179.40 USD
2022-02-25 price RGAGX                              94.42 USD
2022-02-25 price ITOT                              123.48 USD
2022-02-25 price VEA                                67.04 USD
2022-02-25 price VHT                                45.85 USD
2022-02-25 price GLD                               190.20 USD
2022-03-04 price VBMPX                             176.55 USD
2022-03-04 price RGAGX                              93.81 USD
2022-03-04 price ITOT                              128.31 USD
2022-03-04 price VEA                                65.10 USD
2022-03-04 price VHT                                45.63 USD
2022-03-04 price GLD                               191.96 USD
2022-03-11 price VBMPX                             175.18 USD
2022-03-11 price RGAGX                              94.22 USD
2022-03-11 price ITOT                              129.39 USD
2022-03-11 price VEA                                63.20 USD
2022-03-11 price VHT                                46.09 USD
2022-03-11 price GLD                               193.58 USD
2022-03-18 price VBMPX                             178.88 USD
2022-03-18 price RGAGX                              96.83 USD
2022-03-18 price ITOT                              128.76 USD
2022-03-18 price VEA                                60.19 USD
2022-03-18 price VHT                                46.07 USD
2022-03-18 price GLD                               194.65 USD
2022-03-25 price VBMPX                             178.29 USD
2022-03-25 price RGAGX                              96.44 USD
2022-03-25 price ITOT                              127.56 USD
2022-03-25 price VEA                                59.27 USD
2022-03-25 price VHT                                46.04 USD
2022-03-25 price GLD                               195.27 USD
2022-04-01 price VBMPX                             179.55 USD
2022-04-01 price RGAGX                              94.78 USD
2022-04-01 price ITOT                              129.13 USD
2022-04-01 price VEA                                59.14 USD
2022-04-01 price VHT                                46.27 USD
2022-04-01 price GLD                               194.40 USD
2022-04-08 price VBMPX                             179.73 USD
2022-04-08 price RGAGX                              95.23 USD
2022-04-08 price ITOT                              127.79 USD
2022-04-08 price VEA                                60.25 USD
2022-04-08 price VHT                                45.89 USD
2022-04-08 price GLD                               193.76 USD
2022-04-15 price VBMPX                             179.83 USD
2022-04-15 price RGAGX                              93.75 USD
2022-04-15 price ITOT                              128.26 USD
2022-04-15 price VEA                                59.28 USD
2022-04-15 price VHT                                46.93 USD
2022-04-15 price GLD                               194.64 USD
2022-04-22 price VBMPX                             183.07 USD
2022-04-22 price RGAGX                              95.07 USD
2022-04-22 price ITOT                              128.04 USD
2022-04-22 price VEA                                56.55 USD
2022-04-22 price VHT                                47.65 USD
2022-04-22 price GLD                               192.55 USD
2022-04-29 price VBMPX                             183.65 USD
2022-04-29 price RGAGX                              91.30 USD
2022-04-29 price ITOT                              129.86 USD
2022-04-29 price VEA                                56.69 USD
2022-04-29 price VHT                                47.64 USD
2022-04-29 price GLD                               192.41 USD
2022-05-06 price VBMPX                             179.40 USD
2022-05-06 price RGAGX                              91.10 USD
2022-05-06 price ITOT                              130.12 USD
2022-05-06 price VEA                                57.07 USD
2022-05-06 price VHT                                48.52 USD
2022-05-06 price GLD                               191.72 USD
2022-05-13 price VBMPX                             175.25 USD
2022-05-13 price RGAGX                              92.13 USD
2022-05-13 price ITOT                              130.11 USD
2022-05-13 price VEA                                57.45 USD
2022-05-13 price VHT                                48.02 USD
2022-05-13 price GLD                               192.53 USD
2022-05-20 price VBMPX                             175.03 USD
2022-05-20 price RGAGX                              93.09 USD
2022-05-20 price ITOT                              133.63 USD
2022-05-20 price VEA                                56.48 USD
2022-05-20 price VHT                                47.32 USD
2022-05-20 price GLD                               191.85 USD
2022-05-27 price VBMPX                             177.26 USD
2022-05-27 price RGAGX                              95.15 USD
2022-05-27 price ITOT                              132.53 USD
2022-05-27 price VEA                                54.31 USD
2022-05-27 price VHT                                46.40 USD
2022-05-27 price GLD                               191.08 USD
2022-06-03 price VBMPX                             176.32 USD
2022-06-03 price RGAGX                              94.21 USD
2022-06-03 price ITOT                              135.07 USD
2022-06-03 price VEA                                54.32 USD
2022-06-03 price VHT                                47.08 USD
2022-06-03 price GLD                               192.46 USD
2022-06-10 price VBMPX                             177.26 USD
2022-06-10 price RGAGX                              95.91 USD
2022-06-10 price ITOT                              139.84 USD
2022-06-10 price VEA                                54.18 USD
2022-06-10 price VHT                                48.00 USD
2022-06-10 price GLD                               193.88 USD
2022-06-17 price VBMPX                             172.51 USD
2022-06-17 price RGAGX                              96.53 USD
2022-06-17 price ITOT                              139.28 USD
2022-06-17 price VEA                                53.48 USD
2022-06-17 price VHT                                48.11 USD
2022-06-17 price GLD                               196.58 USD
2022-06-24 price VBMPX                             175.66 USD
2022-06-24 price RGAGX                              97.24 USD
2022-06-24 price ITOT                              139.88 USD
2022-06-24 price VEA                                52.09 USD
2022-06-24 price VHT                                48.76 USD
2022-06-24 price GLD                               197.33 USD
2022-07-01 price VBMPX                             175.22 USD
2022-07-01 price RGAGX                              98.38 USD
2022-07-01 price ITOT                              138.76 USD
2022-07-01 price VEA                                53.06 USD
2022-07-01 price VHT                                49.11 USD
2022-07-01 price GLD                               196.94 USD
2022-07-08 price VBMPX                             180.77 USD
2022-07-08 price RGAGX                              97.56 USD
2022-07-08 price ITOT                              135.24 USD
2022-07-08 price VEA                                53.32 USD
2022-07-08 price VHT                                50.37 USD
2022-07-08 price GLD                               196.15 USD
2022-07-15 price VBMPX                             180.58 USD
2022-07-15 price RGAGX                              99.30 USD
2022-07-15 price ITOT                              137.80 USD
2022-07-15 price VEA                                53.10 USD
2022-07-15 price VHT                                50.55 USD
2022-07-15 price GLD                               195.71 USD
2022-07-22 price VBMPX                             179.45 USD
2022-07-22 price RGAGX                             100.15 USD
2022-07-22 price ITOT                              131.41 USD
2022-07-22 price VEA                                53.71 USD
2022-07-22 price VHT                                50.84 USD
2022-07-22 price GLD                               195.68 USD
2022-07-29 price VBMPX                             183.82 USD
2022-07-29 price RGAGX                             101.14 USD
2022-07-29 price ITOT                              132.75 USD
2022-07-29 price VEA                                53.51 USD
2022-07-29 price VHT                                52.53 USD
2022-07-29 price GLD                               195.07 USD
2022-08-05 price VBMPX                             184.88 USD
2022-08-05 price RGAGX                             100.65 USD
2022-08-05 price ITOT                              132.26 USD
2022-08-05 price VEA                                54.48 USD
2022-08-05 price VHT                                53.82 USD
2022-08-05 price GLD                               192.11 USD
2022-08-12 price VBMPX                             183.65 USD
2022-08-12 price RGAGX                             103.51 USD
2022-08-12 price ITOT                              134.15 USD
2022-08-12 price VEA                                54.69 USD
2022-08-12 price VHT                                53.08 USD
2022-08-12 price GLD                               191.00 USD
2022-08-19 price VBMPX                             185.11 USD
2022-08-19 price RGAGX                             103.51 USD
2022-08-19 price ITOT                              133.12 USD
2022-08-19 price VEA                                55.20 USD
2022-08-19 price VHT                                53.65 USD
2022-08-19 price GLD                               191.76 USD
2022-08-26 price VBMPX                             190.36 USD
2022-08-26 price RGAGX                             105.37 USD
2022-08-26 price ITOT                              136.65 USD
2022-08-26 price VEA                                55.70 USD
2022-08-26 price VHT                                53.73 USD
2022-08-26 price GLD                               192.31 USD
2022-09-02 price VBMPX                             192.66 USD
2022-09-02 price RGAGX                             107.70 USD
2022-09-02 price ITOT                              140.92 USD
2022-09-02 price VEA                                55.84 USD
2022-09-02 price VHT                                52.71 USD
2022-09-02 price GLD                               193.92 USD
2022-09-09 price VBMPX                             194.91 USD
2022-09-09 price RGAGX                             105.42 USD
2022-09-09 price ITOT                              139.63 USD
2022-09-09 price VEA                                55.96 USD
2022-09-09 price VHT                                51.56 USD
2022-09-09 price GLD                               192.50 USD
2022-09-16 price VBMPX                             196.26 USD
2022-09-16 price RGAGX                             107.10 USD
2022-09-16 price ITOT                              137.82 USD
2022-09-16 price VEA                                55.88 USD
2022-09-16 price VHT                                53.75 USD
2022-09-16 price GLD                               190.95 USD
2022-09-23 price VBMPX                             192.78 USD
2022-09-23 price RGAGX                             104.73 USD
2022-09-23 price ITOT                              137.61 USD
2022-09-23 price VEA                                56.07 USD
2022-09-23 price VHT                                53.37 USD
2022-09-23 price GLD                               190.04 USD
2022-09-30 price VBMPX                             196.88 USD
2022-09-30 price RGAGX                             105.73 USD
2022-09-30 price ITOT                              135.01 USD
2022-09-30 price VEA                                57.77 USD
2022-09-30 price VHT                                53.52 USD
2022-09-30 price GLD                               190.22 USD
2022-10-07 price VBMPX                             198.46 USD
2022-10-07 price RGAGX                             106.25 USD
2022-10-07 price ITOT                              133.21 USD
2022-10-07 price VEA                                58.76 USD
2022-10-07 price VHT                                55.32 USD
2022-10-07 price GLD                               191.25 USD
2022-10-14 price VBMPX                             197.76 USD
2022-10-14 price RGAGX                             106.81 USD
2022-10-14 price ITOT                              131.91 USD
2022-10-14 price VEA                                58.72 USD
2022-10-14 price VHT                                53.41 USD
2022-10-14 price GLD                               191.14 USD
2022-10-21 price VBMPX                             195.11 USD
2022-10-21 price RGAGX                             106.40 USD
2022-10-21 price ITOT                              128.43 USD
2022-10-21 price VEA                                58.12 USD
2022-10-21 price VHT                                54.12 USD
2022-10-21 price GLD                               191.49 USD
2022-10-28 price VBMPX                             195.47 USD
2022-10-28 price RGAGX                             108.50 USD
2022-10-28 price ITOT                              126.94 USD
2022-10-28 price VEA                                58.70 USD
2022-10-28 price VHT                                54.74 USD
2022-10-28 price GLD                               191.37 USD
2022-11-04 price VBMPX                             197.82 USD
2022-11-04 price RGAGX                             111.57 USD
2022-11-04 price ITOT                              128.47 USD
2022-11-04 price VEA                                59.07 USD
2022-11-04 price VHT                                55.56 USD
2022-11-04 price GLD                               192.92 USD
2022-11-11 price VBMPX                             196.56 USD
2022-11-11 price RGAGX                             111.58 USD
2022-11-11 price ITOT                              128.06 USD
2022-11-11 price VEA                                59.47 USD
2022-11-11 price VHT                                55.17 USD
2022-11-11 price GLD                               192.37 USD
2022-11-18 price VBMPX                             199.07 USD
2022-11-18 price RGAGX                             112.49 USD
2022-11-18 price ITOT                              128.83 USD
2022-11-18 price VEA                                59.25 USD
2022-11-18 price VHT                                54.84 USD
2022-11-18 price GLD                               192.03 USD
2022-11-25 price VBMPX                             200.88 USD
2022-11-25 price RGAGX                             114.02 USD
2022-11-25 price ITOT                              132.24 USD
2022-11-25 price VEA                                57.90 USD
2022-11-25 price VHT                                55.36 USD
2022-11-25 price GLD                               193.42 USD
2022-12-02 price VBMPX                             194.46 USD
2022-12-02 price RGAGX                             112.68 USD
2022-12-02 price ITOT                              133.03 USD
2022-12-02 price VEA                                55.50 USD
2022-12-02 price VHT                                54.91 USD
2022-12-02 price GLD                               193.34 USD
2022-12-09 price VBMPX                             197.83 USD
2022-12-09 price RGAGX                             113.16 USD
2022-12-09 price ITOT                              135.60 USD
2022-12-09 price VEA                                56.53 USD
2022-12-09 price VHT                                54.68 USD
2022-12-09 price GLD                               194.08 USD
2022-12-16 price VBMPX                             197.06 USD
2022-12-16 price RGAGX                             114.95 USD
2022-12-16 price ITOT                              135.77 USD
2022-12-16 price VEA                                56.15 USD
2022-12-16 price VHT                                53.37 USD
2022-12-16 price GLD                               194.53 USD
2022-12-23 price VBMPX                             198.24 USD
2022-12-23 price RGAGX                             117.53 USD
2022-12-23 price ITOT                              134.96 USD
2022-12-23 price VEA                                55.94 USD
2022-12-23 price VHT                                51.91 USD
2022-12-23 price GLD                               195.25 USD
2022-12-30 price VBMPX                             202.71 USD
2022-12-30 price RGAGX                             116.70 USD
2022-12-30 price ITOT                              139.85 USD
2022-12-30 price VEA                                56.46 USD
2022-12-30 price VHT                                51.61 USD
2022-12-30 price GLD                               195.27 USD
2023-01-06 price VBMPX                             198.40 USD
2023-01-06 price RGAGX                             115.98 USD
2023-01-06 price ITOT                              144.64 USD
2023-01-06 price VEA                                56.04 USD
2023-01-06 price VHT                                50.55 USD
2023-01-06 price GLD                               196.48 USD
2023-01-13 price VBMPX                             197.51 USD
2023-01-13 price RGAGX                             114.42 USD
2023-01-13 price ITOT                              146.24 USD
2023-01-13 price VEA                                54.33 USD
2023-01-13 price VHT                                49.72 USD
2023-01-13 price GLD                               197.64 USD
2023-01-20 price VBMPX                             200.40 USD
2023-01-20 price RGAGX                             113.97 USD
2023-01-20 price ITOT                              145.56 USD
2023-01-20 price VEA                                55.01 USD
2023-01-20 price VHT                                50.02 USD
2023-01-20 price GLD                               197.49 USD
2023-01-27 price VBMPX                             200.72 USD
2023-01-27 price RGAGX                             112.96 USD
2023-01-27 price ITOT                              148.47 USD
2023-01-27 price VEA                                54.54 USD
2023-01-27 price VHT                                48.74 USD
2023-01-27 price GLD                               196.75 USD
2023-02-03 price VBMPX                             204.39 USD
2023-02-03 price RGAGX                             116.70 USD
2023-02-03 price ITOT                              141.59 USD
2023-02-03 price VEA                                54.69 USD
2023-02-03 price VHT                                50.89 USD
2023-02-03 price GLD                               198.25 USD
2023-02-10 price VBMPX                             201.18 USD
2023-02-10 price RGAGX                             116.61 USD
2023-02-10 price ITOT                              138.11 USD
2023-02-10 price VEA                                54.56 USD
2023-02-10 price VHT                                49.03 USD
2023-02-10 price GLD                               198.30 USD
2023-02-17 price VBMPX                             200.31 USD
2023-02-17 price RGAGX                             115.89 USD
2023-02-17 price ITOT                              136.11 USD
2023-02-17 price VEA                                55.91 USD
2023-02-17 price VHT                                50.04 USD
2023-02-17 price GLD                               201.65 USD
2023-02-24 price VBMPX                             200.79 USD
2023-02-24 price RGAGX                             118.94 USD
2023-02-24 price ITOT                              137.59 USD
2023-02-24 price VEA                                55.39 USD
2023-02-24 price VHT                                49.56 USD
2023-02-24 price GLD                               201.73 USD
2023-03-03 price VBMPX                             201.34 USD
2023-03-03 price RGAGX                             118.49 USD
2023-03-03 price ITOT                              139.88 USD
2023-03-03 price VEA                                54.35 USD
2023-03-03 price VHT                                49.18 USD
2023-03-03 price GLD                               204.54 USD
2023-03-10 price VBMPX                             200.54 USD
2023-03-10 price RGAGX                             118.46 USD
2023-03-10 price ITOT                              140.60 USD
2023-03-10 price VEA                                55.14 USD
2023-03-10 price VHT                                49.03 USD
2023-03-10 price GLD                               206.09 USD
2023-03-17 price VBMPX                             198.27 USD
2023-03-17 price RGAGX                             117.24 USD
2023-03-17 price ITOT                              140.69 USD
2023-03-17 price VEA                                55.49 USD
2023-03-17 price VHT                                49.55 USD
2023-03-17 price GLD                               207.04 USD
2023-03-24 price VBMPX                             195.61 USD
2023-03-24 price RGAGX                             115.02 USD
2023-03-24 price ITOT                              143.65 USD
2023-03-24 price VEA                                56.42 USD
2023-03-24 price VHT                                48.51 USD
2023-03-24 price GLD                               207.85 USD
2023-03-31 price VBMPX                             193.07 USD
2023-03-31 price RGAGX                             115.73 USD
2023-03-31 price ITOT                              142.84 USD
2023-03-31 price VEA                                55.58 USD
2023-03-31 price VHT                                47.36 USD
2023-03-31 price GLD                               207.62 USD
2023-04-07 price VBMPX                             189.38 USD
2023-04-07 price RGAGX                             115.21 USD
2023-04-07 price ITOT                              144.85 USD
2023-04-07 price VEA                                57.23 USD
2023-04-07 price VHT                                46.76 USD
2023-04-07 price GLD                               205.93 USD
2023-04-14 price VBMPX                             190.82 USD
2023-04-14 price RGAGX                             115.41 USD
2023-04-14 price ITOT                              144.88 USD
2023-04-14 price VEA                                56.77 USD
2023-04-14 price VHT                                46.89 USD
2023-04-14 price GLD                               203.79 USD
2023-04-21 price VBMPX                             190.25 USD
2023-04-21 price RGAGX                             115.80 USD
2023-04-21 price ITOT                              144.96 USD
2023-04-21 price VEA                                57.01 USD
2023-04-21 price VHT                                46.99 USD
2023-04-21 price GLD                               204.76 USD
2023-04-28 price VBMPX                             190.13 USD
2023-04-28 price RGAGX                             118.63 USD
2023-04-28 price ITOT                              148.62 USD
2023-04-28 price VEA                                55.44 USD
2023-04-28 price VHT                                45.61 USD
2023-04-28 price GLD                               207.54 USD
2023-05-05 price VBMPX                             189.61 USD
2023-05-05 price RGAGX                             118.69 USD
2023-05-05 price ITOT                              152.97 USD
2023-05-05 price VEA                                55.24 USD
2023-05-05 price VHT                                46.07 USD
2023-05-05 price GLD                               207.10 USD
2023-05-12 price VBMPX                             189.76 USD
2023-05-12 price RGAGX                             121.09 USD
2023-05-12 price ITOT                              151.76 USD
2023-05-12 price VEA                                54.50 USD
2023-05-12 price VHT                                46.01 USD
2023-05-12 price GLD                               206.61 USD
2023-05-19 price VBMPX                             190.65 USD
2023-05-19 price RGAGX                             123.20 USD
2023-05-19 price ITOT                              151.50 USD
2023-05-19 price VEA                                54.32 USD
2023-05-19 price VHT                                46.81 USD
2023-05-19 price GLD                               206.62 USD
2023-05-26 price VBMPX                             190.39 USD
2023-05-26 price RGAGX                             123.48 USD
2023-05-26 price ITOT                              153.02 USD
2023-05-26 price VEA                                54.70 USD
2023-05-26 price VHT                                47.13 USD
2023-05-26 price GLD                               206.25 USD
2023-06-02 price VBMPX                             193.51 USD
2023-06-02 price RGAGX                             125.90 USD
2023-06-02 price ITOT                              152.91 USD
2023-06-02 price VEA                                54.43 USD
2023-06-02 price VHT                                46.95 USD
2023-06-02 price GLD                               202.92 USD
2023-06-09 price VBMPX                             190.11 USD
2023-06-09 price RGAGX                             126.53 USD
2023-06-09 price ITOT                              151.62 USD
2023-06-09 price VEA                                52.59 USD
2023-06-09 price VHT                                47.27 USD
2023-06-09 price GLD                               201.95 USD
2023-06-16 price VBMPX                             185.64 USD
2023-06-16 price RGAGX                             128.99 USD
2023-06-16 price ITOT                              151.99 USD
2023-06-16 price VEA                                52.60 USD
2023-06-16 price VHT                                45.41 USD
2023-06-16 price GLD                               199.85 USD
2023-06-23 price VBMPX                             181.18 USD
2023-06-23 price RGAGX                             127.44 USD
2023-06-23 price ITOT                              154.05 USD
2023-06-23 price VEA                                52.91 USD
2023-06-23 price VHT                                46.80 USD
2023-06-23 price GLD                               196.74 USD
2023-06-30 price VBMPX                             181.86 USD
2023-06-30 price RGAGX                             127.59 USD
2023-06-30 price ITOT                              153.95 USD
2023-06-30 price VEA                                53.97 USD
2023-06-30 price VHT                                45.43 USD
2023-06-30 price GLD                               198.31 USD
2023-07-07 price VBMPX                             183.85 USD
2023-07-07 price RGAGX                             122.52 USD
2023-07-07 price ITOT                              149.61 USD
2023-07-07 price VEA                                53.40 USD
2023-07-07 price VHT                                45.50 USD
2023-07-07 price GLD                               199.15 USD
2023-07-14 price VBMPX                             184.26 USD
2023-07-14 price RGAGX                             124.75 USD
2023-07-14 price ITOT                              149.28 USD
2023-07-14 price VEA                                53.85 USD
2023-07-14 price VHT                                45.22 USD
2023-07-14 price GLD                               195.86 USD
2023-07-21 price VBMPX                             184.21 USD
2023-07-21 price RGAGX                             127.11 USD
2023-07-21 price ITOT                              147.81 USD
2023-07-21 price VEA                                55.58 USD
2023-07-21 price VHT                                44.47 USD
2023-07-21 price GLD                               194.82 USD
2023-07-28 price VBMPX                             181.08 USD
2023-07-28 price RGAGX                             127.71 USD
2023-07-28 price ITOT                              142.50 USD
2023-07-28 price VEA                                55.98 USD
2023-07-28 price VHT                                44.93 USD
2023-07-28 price GLD                               191.03 USD
2023-08-04 price VBMPX                             179.57 USD
2023-08-04 price RGAGX                             127.67 USD
2023-08-04 price ITOT                              145.00 USD
2023-08-04 price VEA                                57.50 USD
2023-08-04 price VHT                                45.49 USD
2023-08-04 price GLD                               190.99 USD
2023-08-11 price VBMPX                             179.52 USD
2023-08-11 price RGAGX                             125.30 USD
2023-08-11 price ITOT                              140.64 USD
2023-08-11 price VEA                                57.43 USD
2023-08-11 price VHT                                44.30 USD
2023-08-11 price GLD                               189.91 USD
2023-08-18 price VBMPX                             182.12 USD
2023-08-18 price RGAGX                             126.99 USD
2023-08-18 price ITOT                              142.67 USD
2023-08-18 price VEA                                57.37 USD
2023-08-18 price VHT                                44.06 USD
2023-08-18 price GLD                               189.62 USD
2023-08-25 price VBMPX                             184.84 USD
2023-08-25 price RGAGX                             130.34 USD
2023-08-25 price ITOT                              141.91 USD
2023-08-25 price VEA                                58.00 USD
2023-08-25 price VHT                                44.56 USD
2023-08-25 price GLD                               190.46 USD
2023-09-01 price VBMPX                             186.30 USD
2023-09-01 price RGAGX                             131.87 USD
2023-09-01 price ITOT                              140.95 USD
2023-09-01 price VEA                                58.23 USD
2023-09-01 price VHT                                44.95 USD
2023-09-01 price GLD                               190.49 USD
2023-09-08 price VBMPX                             185.58 USD
2023-09-08 price RGAGX                             130.09 USD
2023-09-08 price ITOT                              143.47 USD
2023-09-08 price VEA                                58.82 USD
2023-09-08 price VHT                                45.09 USD
2023-09-08 price GLD                               192.43 USD
2023-09-15 price VBMPX                             184.99 USD
2023-09-15 price RGAGX                             130.83 USD
2023-09-15 price ITOT                              144.34 USD
2023-09-15 price VEA                                58.83 USD
2023-09-15 price VHT                                45.33 USD
2023-09-15 price GLD                               192.52 USD
2023-09-22 price VBMPX                             186.73 USD
2023-09-22 price RGAGX                             129.41 USD
2023-09-22 price ITOT                              145.18 USD
2023-09-22 price VEA                                58.32 USD
2023-09-22 price VHT                                46.99 USD
2023-09-22 price GLD                               193.78 USD
2023-09-29 price VBMPX                             193.72 USD
2023-09-29 price RGAGX                             129.71 USD
2023-09-29 price ITOT                              140.02 USD
2023-09-29 price VEA                                57.24 USD
2023-09-29 price VHT                                46.17 USD
2023-09-29 price GLD                               193.81 USD
2023-10-06 price VBMPX                             195.36 USD
2023-10-06 price RGAGX                             130.89 USD
2023-10-06 price ITOT                              141.36 USD
2023-10-06 price VEA                                57.08 USD
2023-10-06 price VHT                                45.03 USD
2023-10-06 price GLD                               196.27 USD
2023-10-13 price VBMPX                             194.63 USD
2023-10-13 price RGAGX                             131.21 USD
2023-10-13 price ITOT                              142.62 USD
2023-10-13 price VEA                                57.09 USD
2023-10-13 price VHT                                45.43 USD
2023-10-13 price GLD                               197.73 USD
2023-10-20 price VBMPX                             194.92 USD
2023-10-20 price RGAGX                             131.75 USD
2023-10-20 price ITOT                              143.45 USD
2023-10-20 price VEA                                57.20 USD
2023-10-20 price VHT                                44.73 USD
2023-10-20 price GLD                               198.92 USD
2023-10-27 price VBMPX                             193.16 USD
2023-10-27 price RGAGX                             133.35 USD
2023-10-27 price ITOT                              141.19 USD
2023-10-27 price VEA                                56.83 USD
2023-10-27 price VHT                                44.34 USD
2023-10-27 price GLD                               200.33 USD
2023-11-03 price VBMPX                             192.47 USD
2023-11-03 price RGAGX                             130.68 USD
2023-11-03 price ITOT                              144.57 USD
2023-11-03 price VEA                                57.16 USD
2023-11-03 price VHT                                43.60 USD
2023-11-03 price GLD                               201.01 USD
2023-11-10 price VBMPX                             190.64 USD
2023-11-10 price RGAGX                             130.57 USD
2023-11-10 price ITOT                              142.44 USD
2023-11-10 price VEA                                57.08 USD
2023-11-10 price VHT                                43.14 USD
2023-11-10 price GLD                               203.23 USD
2023-11-17 price VBMPX                             190.82 USD
2023-11-17 price RGAGX                             128.93 USD
2023-11-17 price ITOT                              141.76 USD
2023-11-17 price VEA                                57.99 USD
2023-11-17 price VHT                                42.61 USD
2023-11-17 price GLD                               202.97 USD
2023-11-24 price VBMPX                             191.66 USD
2023-11-24 price RGAGX                             130.33 USD
2023-11-24 price ITOT                              142.69 USD
2023-11-24 price VEA                                58.58 USD
2023-11-24 price VHT                                43.03 USD
2023-11-24 price GLD                               203.75 USD
2023-12-01 price VBMPX                             188.51 USD
2023-12-01 price RGAGX                             126.41 USD
2023-12-01 price ITOT                              143.08 USD
2023-12-01 price VEA                                59.53 USD
2023-12-01 price VHT                                43.48 USD
2023-12-01 price GLD                               204.85 USD
2023-12-08 price VBMPX                             187.53 USD
2023-12-08 price RGAGX                             128.94 USD
2023-12-08 price ITOT                              144.14 USD
2023-12-08 price VEA                                58.47 USD
2023-12-08 price VHT                                44.06 USD
2023-12-08 price GLD                               206.00 USD
2023-12-15 price VBMPX                             189.52 USD
2023-12-15 price RGAGX                             129.09 USD
2023-12-15 price ITOT                              142.27 USD
2023-12-15 price VEA                                59.09 USD
2023-12-15 price VHT                                44.86 USD
2023-12-15 price GLD                               206.09 USD
2023-12-22 price VBMPX                             190.50 USD
2023-12-22 price RGAGX                             130.54 USD
2023-12-22 price ITOT                              140.90 USD
2023-12-22 price VEA                                58.78 USD
2023-12-22 price VHT                                44.93 USD
2023-12-22 price GLD                               204.61 USD
2023-12-29 price VBMPX                             193.10 USD
2023-12-29 price RGAGX                             130.94 USD
2023-12-29 price ITOT                              138.66 USD
2023-12-29 price VEA                                57.48 USD
2023-12-29 price VHT                                44.16 USD
2023-12-29 price GLD                               205.28 USD
2024-01-05 price VBMPX                             193.04 USD
2024-01-05 price RGAGX                             132.79 USD
2024-01-05 price ITOT                              136.54 USD
2024-01-05 price VEA                                56.54 USD
2024-01-05 price VHT                                44.51 USD
2024-01-05 price GLD                               204.23 USD
2024-01-12 price VBMPX                             191.44 USD
2024-01-12 price RGAGX                             133.00 USD
2024-01-12 price ITOT                              136.33 USD
2024-01-12 price VEA                                55.38 USD
2024-01-12 price VHT                                44.24 USD
2024-01-12 price GLD                               203.57 USD
2024-01-19 price VBMPX                             193.28 USD
2024-01-19 price RGAGX                             133.89 USD
2024-01-19 price ITOT                              132.42 USD
2024-01-19 price VEA                                55.57 USD
2024-01-19 price VHT                                44.08 USD
2024-01-19 price GLD                               203.42 USD
2024-01-26 price VBMPX                             194.76 USD
2024-01-26 price RGAGX                             137.26 USD
2024-01-26 price ITOT                              131.32 USD
2024-01-26 price VEA                                56.53 USD
2024-01-26 price VHT                                43.17 USD
2024-01-26 price GLD                               205.52 USD
2024-02-02 price VBMPX                             195.54 USD
2024-02-02 price RGAGX                             133.19 USD
2024-02-02 price ITOT                              132.61 USD
2024-02-02 price VEA                                58.01 USD
2024-02-02 price VHT                                44.53 USD
2024-02-02 price GLD                               203.58 USD
2024-02-09 price VBMPX                             200.81 USD
2024-02-09 price RGAGX                             132.29 USD
2024-02-09 price ITOT                              129.12 USD
2024-02-09 price VEA                                58.67 USD
2024-02-09 price VHT                                45.35 USD
2024-02-09 price GLD                               204.40 USD
2024-02-16 price VBMPX                             199.93 USD
2024-02-16 price RGAGX                             133.14 USD
2024-02-16 price ITOT                              132.49 USD
2024-02-16 price VEA                                59.36 USD
2024-02-16 price VHT                                46.99 USD
2024-02-16 price GLD                               205.78 USD
2024-02-23 price VBMPX                             202.04 USD
2024-02-23 price RGAGX                             131.64 USD
2024-02-23 price ITOT                              134.75 USD
2024-02-23 price VEA                                58.08 USD
2024-02-23 price VHT                                45.64 USD
2024-02-23 price GLD                               209.20 USD
2024-03-01 price VBMPX                             204.43 USD
2024-03-01 price RGAGX                             130.15 USD
2024-03-01 price ITOT                              134.55 USD
2024-03-01 price VEA                                58.71 USD
2024-03-01 price VHT                                45.82 USD
2024-03-01 price GLD                               208.51 USD
2024-03-08 price VBMPX                             209.69 USD
2024-03-08 price RGAGX                             132.80 USD
2024-03-08 price ITOT                              135.13 USD
2024-03-08 price VEA                                59.68 USD
2024-03-08 price VHT                                46.18 USD
2024-03-08 price GLD                               207.07 USD
2024-03-15 price VBMPX                             211.29 USD
2024-03-15 price RGAGX                             134.56 USD
2024-03-15 price ITOT                              137.15 USD
2024-03-15 price VEA                                58.89 USD
2024-03-15 price VHT                                45.30 USD
2024-03-15 price GLD                               206.24 USD
2024-03-22 price VBMPX                             211.02 USD
2024-03-22 price RGAGX                             135.10 USD
2024-03-22 price ITOT                              135.14 USD
2024-03-22 price VEA                                59.10 USD
2024-03-22 price VHT                                45.77 USD
2024-03-22 price GLD                               205.24 USD
2024-03-29 price VBMPX                             215.14 USD
2024-03-29 price RGAGX                             136.63 USD
2024-03-29 price ITOT                              134.54 USD
2024-03-29 price VEA                                60.33 USD
2024-03-29 price VHT                                45.77 USD
2024-03-29 price GLD                               206.66 USD



* Cash

